2261 3684
267 241 379 301 108
801 234 1207 300 CORNELII
1243 233 1348 300 ΤΑ
1357 236 1440 301 01
1440 233 1529 300 TI

259 399 640 474 societatem3
681 400 1089 479 transgredior
1129 401 1208 461 ad
1250 421 1372 474 VOS,
1419 421 1524 461 seu
1564 422 1660 462 me
1702 402 1918 462 ducem
1963 421 2071 462 seu

173 518 229 571 ις
258 496 509 556 militem
537 496 858 557 mavultis!
969 499 1322 559 movebatur
1355 499 1572 578 vulgus
1609 499 2070 576 condebantque

255 593 503 672 gladios,
554 614 689 654 cum
745 594 1088 673 Campanus
1139 615 1206 655 ac
1262 596 1566 656 Iuvenalis
1621 617 1654 656 e
1701 596 2068 674 primoribus

255 691 633 770 Tungrorum
692 692 1030 752 universam
1086 693 1141 752 ei
1183 700 1424 772 gentem
1480 693 1800 767 dedidere3
1861 692 2067 752 Labeo
2132 762 2151 775 s

254 795 576 867 antequam
618 790 1163 862 circumveniretur,
1208 789 1491 868 profugit.
1531 770 1546 788 ¹
1598 790 1812 851 civilis
1852 789 2067 849 Baeta-

254 886 372 945 sios
429 906 667 964 quoque
723 906 791 946 ac
846 886 1105 947 Nervios
1161 887 1224 946 in
1294 887 1474 947 fidem
1543 902 1814 966 acceptos
1873 887 2064 966 copiis

163 1007 227 1044 20
252 983 374 1043 suis
443 984 737 1057 adiunxit,
811 984 1022 1063 ingens
1090 1005 1309 1060 rerum,
1382 985 1665 1063 perculsis
1743 970 2061 1045 civitatum

252 1081 466 1140 animis
495 1081 590 1141 vel
619 1088 830 1159 sponte
857 1082 1300 1143 inclinantibus,

144 1177 226 1242 67
332 1177 584 1238 LXVII.
652 1179 892 1239 Interea
941 1179 1130 1240 Iulius
1177 1179 1432 1240 Sabinus
1479 1180 1759 1258 proiectis
1800 1179 2061 1240 foederis

251 1275 506 1336 Romani
535 1277 939 1337 monumentis
968 1276 1282 1337 Caesarem
1312 1298 1374 1338 se
1415 1277 1661 1337 salutari
1701 1277 1873 1337 iubet
1900 1297 2061 1356 mag-

251 1393 506 1452 namque
535 1380 597 1432 et
616 1373 986 1434 inconditam
1010 1374 1387 1453 popularium
1409 1375 1650 1435 turbam
1665 1375 1730 1434 in
1749 1374 2059 1453 Sequanos

326 1512 511 1552 sabinus
559 1484 664 1552 ana
691 1471 863 1549 rapit,
922 1471 1355 1532 conterminam
1411 1472 1718 1532 civitatem
1773 1481 1837 1532 et
1881 1473 2058 1532 nobis

195 1589 223 1644 5
241 1562 559 1662 9385ζῇἽῇ
583 1564 650 1654 ἔξ
692 1568 913 1643 fidam,
980 1589 1089 1629 nec
1152 1569 1414 1648 Sequani
1474 1569 1883 1630 detractavere
1938 1590 2058 1629 cer-

248 1663 400 1712 quam:
689 1673 908 1726 tamen.
992 1666 1237 1726 fortuna
1262 1666 1609 1727 melioribus
1637 1666 1835 1726 adfuit
1867 1690 1879 1726 :
1935 1667 2056 1727 fusi

248 1762 578 1842 Lingones„
689 1762 946 1822 Sabinus
1028 1763 1389 1823 festinatum
1462 1769 1684 1823 temere
1757 1763 2055 1841 proelium

245 1861 374 1939 pari
426 1860 745 1922 formidine
813 1860 1115 1936 deseruit3
1186 1868 1373 1939 utque
1441 1861 1663 1922 famam
1717 1861 1891 1921 exitii
1959 1863 2054 1922 sui

243 1958 479 2032 faceret,
536 1958 759 2032 villam,
809 1957 874 2017 in
929 1978 1107 2035 quam
1167 1958 1527 2036 perfugerat,
1576 1959 1879 2031 cremavit,
1906 1959 2053 2019 illic

159 2083 220 2120 ιο
243 2056 584 2116 voluntaria
611 2063 804 2115 morte
833 2055 1110 2115 interisse
1140 2054 1416 2115 creditus
1531 2055 1637 2115 sed
1666 2055 1884 2133 quibus
1910 2057 2052 2116 arti-

243 2155 355 2215 bus
436 2152 796 2231 latebrisque
880 2152 1070 2212 vitam
1153 2172 1260 2230 per
1339 2173 1556 2213 novem
1638 2173 1782 2212 mox
1860 2174 2050 2215 annos

241 2250 595 2323 traduxerit,
669 2249 847 2308 simul
916 2249 1241 2309 amicorum
1325 2250 1450 2309 eius
1519 2248 1916 2309 constantiam
1986 2258 2049 2311 et

237 2349 471 2427 insigne
500 2347 848 2425 Epponinae
892 2347 1095 2406 uxoris
1138 2346 1480 2425 exemplum
1520 2367 1628 2407 suo
1669 2346 1798 2407 loco
1839 2347 2048 2409 redde-

238 2466 388 2506 mus.
476 2445 887 2523 Sequanorum
915 2463 1201 2522 prospera
1229 2444 1352 2504 acie
1380 2443 1520 2504 belli
1562 2444 1822 2521 impetus
1851 2447 2040 2508 stetit.

154 2569 212 2622 15
238 2544 580 2623 resipiscere
657 2542 944 2621 paulatim
1016 2541 1291 2601 civitates
1372 2541 1580 2619 fasque
1663 2550 1725 2602 et
1801 2543 2044 2603 foedera

236 2642 548 2721 respicere,
577 2638 946 2719 principibus
988 2639 1214 2713 RemiS,
1244 2639 1349 2716 qui
1390 2659 1499 2717 per
1525 2639 1750 2700 Gallias
1779 2640 2039 2715 edixere,

234 2748 304 2799 ut
331 2738 526 2798 missis
554 2736 769 2816 legatis
797 2736 862 2795 in
892 2756 1205 2796 commune
1234 2736 1656 2812 consultarent,
1689 2737 1935 2798 libertas
1962 2760 2040 2799 an

233 2857 354 2915 pax
380 2836 659 2915 placeret.

126 2947 234 3011 68-
311 2933 599 2994 LXVIII.
705 2933 793 2991 At
847 2931 1073 2991 Romae
1136 2939 1351 2991 cuncta
1411 2932 1474 2991 in
1525 2930 1786 2992 deterius
1833 2934 2040 2995 audita

232 3032 582 3091 Mucianum
639 3029 955 3107 angebant,
1014 3049 1090 3088 ne
1147 3048 1509 3107 quamquam
1565 3030 1786 3108 egregii
1856 3031 2037 3091 duces

232 3130 375 3206 (iam
432 3128 590 3187 enim
650 3125 892 3186 Gallum
955 3125 1227 3185 Annium
1286 3133 1347 3185 et
1403 3125 1685 3186 Petilium
1743 3127 2034 3188 Cerialem

229 3225 557 3302 delegerat)
615 3243 907 3282 summam
977 3222 1119 3282 belli
1188 3243 1399 3300 parum
1471 3223 1810 3284 tolerarent.
1926 3246 2035 3286 nec

174 3343 202 3398 5
228 3320 621 3396 relinquenda
637 3319 780 3377 urbs
799 3319 926 3378 sine
948 3325 1178 3379 rectore
1198 3342 1217 3395 3
1260 3327 1321 3379 et
1349 3319 1682 3380 Domitiani
1703 3321 2034 3384 indomitae
