2261 3684
656 260 1047 322 HISTORIA
1054 260 1110 320 R
1124 260 1255 321 ΠΜ
1289 261 1445 321 LIB.
1491 261 1600 321 IV.
1918 264 2033 321 113

226 439 360 479 esse
403 415 667 495 Classici,
712 421 866 481 hanc
906 421 1148 481 Tutoris
1191 421 1488 499 patriam3
1554 421 1769 482 horum
1819 421 2035 483 scelere

228 514 460 576 clausas
500 537 815 595 caesasque
848 517 1127 597 legiones.
1216 517 1363 595 quid
1403 524 1639 577 tantum
1678 519 2035 579 Cremonam

228 613 558 674 meruisse?
642 634 821 692 quam
850 634 882 674 e
909 614 1136 693 gremio
1164 614 1377 675 Italiae
1405 622 1656 692 raptam,
1689 616 1828 693 quia
1853 616 2033 676 unius
2058 637 2088 692 5

209 709 423 769 ”noctis
457 731 686 771 moram
726 711 1054 771 victoribus
1099 711 1386 771 attulerit.
1474 718 1631 771 stare
1672 712 1735 771 in
1777 713 2032 774 confinio

229 804 587 868 Germaniae
656 807 951 887 integram
1018 807 1219 868 sedem
1287 808 1492 886 spoliis
1547 808 1915 869 exercituum
1970 818 2033 870 et

226 901 451 963 ducum
480 904 758 965 caedibus
796 912 1093 966 ovantem.
1179 905 1550 984 redigeretur
1579 905 1799 984 praeda
1834 907 1898 966 in
1939 908 2031 968 fis-

226 1019 404 1060 cum:
447 1002 591 1080 ipsis
620 1003 885 1063 sufficere
924 1003 1092 1082 ignes
1136 1010 1198 1062 et
1240 1002 1475 1062 rebellis
1514 1002 1779 1064 coloniae
1806 1005 2027 1081 ruinaS,

225 1102 443 1180 quibus
498 1109 593 1162 tot
634 1111 963 1163 castrorum
1006 1102 1240 1163 excidia
1286 1109 1692 1181 pensarentur.
1780 1103 2029 1166 Cerialis
2059 1127 2119 1164 10

223 1206 392 1259 metu
420 1200 714 1274 infamiae,
747 1201 796 1260 si
824 1200 1068 1261 licentia
1101 1201 1467 1278 saevitiaque
1500 1200 1747 1261 inbuere
1774 1203 2027 1264 militem

223 1296 583 1371 crederetur,
641 1297 857 1375 pressit
911 1298 1068 1358 iras:
1140 1304 1203 1357 et
1255 1316 1521 1375 paruere,
1564 1297 1759 1375 posito
1808 1300 2026 1360 civium

222 1393 383 1454 bello
411 1394 488 1454 ad
516 1401 765 1455 externa
790 1394 1198 1455 modestiores,
1285 1395 1582 1454 convertit
1620 1394 1761 1455 inde
1799 1397 2027 1457 animos

221 1491 548 1551 accitarum
617 1511 649 1551 e
730 1492 1202 1552 Mediomatricis
1292 1491 1594 1569 legionum
1674 1493 2026 1555 miserabilis

221 1588 554 1668 adspectus.
669 1590 912 1649 stabant
967 1589 1325 1650 conscientia
1373 1588 1586 1668 fiagitii
1694 1652 1870 1691 emam
1935 1654 2027 1692 aad

218 1693 499 1760 maestae,
554 1686 690 1746 fixis
739 1687 802 1746 in
851 1694 1073 1747 terram
1130 1686 1354 1746 oculis:
1418 1686 1585 1745 nulla
1626 1701 1692 1739 the
1773 1713 1899 1751 army
1977 1706 2026 1742 at

218 1783 381 1842 inter
434 1790 713 1845 coeuntes
782 1783 1079 1844 exercitus
1149 1782 1583 1859 consalutati03
1632 1752 1783 1792 mm.

215 1900 412 1958 neque
488 1880 818 1941 solantibus
880 1880 1342 1941 hortantibusve
1421 1900 1706 1959 responsa
1779 1880 2020 1955 dabant,

217 1977 413 2038 abditi
495 1998 602 2056 per
682 1978 948 2038 tentoria
1030 1985 1091 2038 et
1173 1978 1369 2038 lucem
1465 1978 1654 2056 ipsam
1744 1978 2019 2038 vitante&

214 2095 326 2135 nec
380 2074 630 2153 perinde
684 2074 1015 2152 periculum
1072 2081 1179 2134 aut
1230 2081 1426 2133 metus
1482 2095 1662 2153 quam
1714 2074 1910 2152 pudor
1957 2095 2023 2134 ac
2050 2101 2114 2139 20

216 2171 477 2232 dedecus
506 2171 997 2249 obstupefecerat,
1032 2171 1309 2231 attonitis
1339 2171 1521 2231 etiam
1548 2172 1893 2246 victoribus,
1919 2172 2023 2250 qui

213 2297 424 2338 vocem
451 2296 773 2355 precesque
803 2276 1087 2337 adhibere
1117 2297 1240 2337 non
1268 2277 1397 2336 ausi
1417 2276 1675 2337 lacrimis
1697 2297 1762 2337 ac
1785 2278 2022 2338 silentio

212 2375 453 2435 veniam
498 2374 840 2452 poscebant,
885 2373 1076 2435 donec
1125 2374 1376 2435 Cerialis
1430 2374 1719 2435 mulceret
1773 2376 2019 2451 animos,

210 2473 339 2532 fato
369 2478 503 2532 acta
529 2471 831 2544 dictitans,
865 2492 1015 2550 quae
1044 2471 1308 2530 militum
1350 2471 1686 2549 ducumque
1729 2472 2023 2533 discordia

211 2570 311 2631 vel
392 2570 602 2629 fraude
684 2568 951 2629 hostium
1033 2570 1390 2629 evenissent.
1502 2569 1764 2647 primum
1851 2570 2023 2630 illum
2047 2586 2111 2640 25

2056 1611 2114 1665 15

210 2666 657 2746 stipendiorum
694 2672 756 2726 et
793 2666 1147 2726 sacramenti
1186 2666 1344 2725 diem
1383 2666 1713 2727 haberent:
1755 2667 2021 2745 priorum

209 2765 546 2825 facinorum
590 2782 783 2841 neque
832 2763 1257 2840 imperatorem
1312 2782 1506 2840 neque
1551 2783 1613 2823 se
1662 2764 2015 2825 meminisse.

199 2869 359 2922 tunc
385 2861 611 2939 recepti
640 2860 705 2920 in
734 2860 941 2920 eadem
971 2867 1179 2933 castra,
1207 2866 1270 2919 et
1291 2859 1514 2919 dictum
1540 2882 1646 2938 per
1667 2862 2020 2939 manipulos,

209 2980 288 3019 ne
317 2959 451 3037 quis
479 2958 544 3017 in
573 2957 896 3018 certamine
935 2957 1207 3036 iurgiove
1250 2957 1606 3017 seditionem
1648 2966 1752 3019 aut
1794 2958 2022 3019 cladem

210 3055 609 3117 commilitoni
630 3055 970 3114 obiectaret.
2050 3078 2115 3129 30

292 3152 586 3213 LXXIII.
632 3152 784 3212 Mox
811 3152 1102 3212 Treveros
1132 3172 1198 3212 ac
1234 3151 1536 3230 Lingonas
1574 3151 1649 3212 ad
1683 3153 2022 3214 contionem
2049 3158 2131 3222 73

211 3258 457 3312 vocatos
478 3251 566 3310 ita
583 3249 954 3328 adloquitur:
1001 3256 1015 3284 ‘
1032 3269 1227 3327 neque
1250 3269 1358 3329 ego
1377 3269 1661 3327 umquam
1683 3249 2023 3310 facundiam

211 3348 468 3422 exercui,
516 3354 578 3407 et
619 3346 876 3425 populus
930 3347 1237 3406 Romanus
1294 3346 1580 3406 virtutem
1622 3347 1802 3412 armis
1852 3347 2024 3415 adfir-

1101 3488 1146 3529 R
