2261 3684
636 232 1225 297 HISTORIARUM
1267 234 1416 295 LIB.
1462 233 1569 295 IV.
1929 237 2003 297 75

199 397 365 471 valli,
397 396 560 475 quod
591 396 821 456 duabus
849 395 1186 475 legionibus
1214 397 1397 456 situm
1424 396 1527 455 vix
1556 396 1817 473 quinque
1845 396 2011 455 milia

201 501 572 555 armatorum
641 494 1048 553 Romanorum
1118 494 1448 553 tuebantur
1474 516 1492 568 3
1576 493 1681 553 sed
1749 493 2010 553 lixarum

200 587 534 647 multitudo
591 587 836 646 turbata
889 606 1032 665 pace
1088 585 1232 646 illuc
1296 593 1656 664 congregata
1724 594 1786 646 et
1853 585 2011 646 bello

201 684 482 743 ministra
508 683 735 743 aderat.
2038 702 2101 738 20

291 779 528 840 XXIII.
578 779 726 839 Pars
754 786 1078 839 castrorum
1111 780 1176 839 in
1205 779 1416 840 collem
1436 779 1651 840 leniter
1672 799 2010 857 exsurgens,
2037 780 2117 843 23

206 896 346 956 pars
386 897 575 955 aequo
617 876 907 937 adibatur.
1022 878 1245 955 quippe
1286 877 1404 936 illis
1444 876 1711 937 hibernis
1752 877 2012 937 obsideri

205 975 515 1052 premique
544 974 897 1034 Germanias
924 974 1239 1053 Augustus
1272 973 1622 1047 crediderat,
1656 994 1851 1051 neque
1889 995 2014 1035 um-

206 1091 392 1149 quam
453 1070 520 1131 id
586 1071 897 1145 malorum,
954 1078 1025 1130 ut
1074 1071 1487 1150 obpugnatum
1541 1070 1699 1131 ultro
1754 1071 2015 1150 legiones

206 1176 447 1228 nostras
501 1169 816 1243 venirent3
879 1168 1021 1228 inde
1063 1188 1186 1228 non
1227 1167 1355 1229 loco
1398 1187 1590 1245 neque
1628 1168 2015 1229 munimentis
2042 1191 2070 1244 5

209 1264 381 1325 labor
408 1264 686 1325 additus:
728 1265 820 1324 vis
862 1271 924 1324 et
966 1285 1133 1324 arma
1174 1265 1318 1324 satis
1359 1264 1690 1342 placebant.
1801 1264 2017 1324 Batavi

209 1361 791 1439 Transrhenanique,
825 1381 943 1439 quo
972 1361 1229 1421 discreta
1255 1362 1449 1421 virtus
1470 1361 1844 1422 manifestius
1860 1383 2017 1441 spec-

210 1465 461 1531 taretur,
507 1457 621 1517 sibi
672 1477 942 1536 quaeque
984 1478 1129 1537 gens
1172 1458 1526 1530 consistunt,
1571 1458 1802 1518 eminus
1842 1459 2019 1519 laces-

210 1561 427 1615 sentes,
513 1561 653 1632 post
680 1554 782 1613 ubi
811 1555 1092 1633 pleraque
1120 1553 1378 1613 telorum
1407 1554 1673 1614 turribus
1700 1555 2017 1633 pinnisque

211 1651 519 1711 moenium
545 1652 717 1711 irrita
745 1651 1071 1711 haerebant
1089 1658 1153 1711 et
1169 1650 1426 1729 desuper
1445 1651 1606 1710 saxis
1628 1651 2017 1713 vulneraban·
2050 1680 2109 1715 10

212 1756 332 1820 tur,
364 1747 619 1808 clamore
649 1754 828 1824 atque
870 1748 1099 1825 impetu
1143 1748 1415 1807 invasere
1457 1746 1696 1817 vallum,
1729 1749 2018 1827 adpositis

213 1845 484 1925 plerique
501 1846 690 1918 scaIiS,
702 1846 805 1905 alii
819 1866 927 1924 per
943 1845 1311 1906 testudinem
1329 1865 1596 1920 suorum3
1630 1864 1710 1904 1722
1725 1865 1842 1914 nepe.

213 1942 701 2020 scandebantque
743 1942 864 2002 iam
906 1941 1169 2020 quidam,
1202 1961 1337 2001 cum
1365 1941 1579 2020 gladiis
1621 1946 1682 2001 et
1722 1960 2021 2000 armorum

213 2040 457 2101 incussu
485 2039 860 2118 praecipitati
889 2038 1138 2098 sudibus
1166 2045 1228 2098 et
1254 2039 1392 2117 pilis
1420 2039 1770 2110 obruuntur,
1800 2038 2023 2115 praefe-

212 2156 381 2196 roces
401 2135 578 2195 initio
601 2143 662 2195 et
687 2136 865 2195 rebus
896 2135 1173 2195 secundis
1201 2136 1389 2196 nimii.
1476 2134 1580 2195 sed
1609 2142 1741 2194 tum
1768 2134 2022 2212 praedae
2052 2159 2108 2212 15

215 2232 496 2311 cupidine
525 2231 774 2292 adversa
800 2252 1037 2310 quoque
1065 2232 1406 2292 tolerabant
1425 2253 1443 2306 3
1485 2232 1790 2291 machinas
1819 2231 2018 2304 etiam,

199 2329 529 2390 *insolitum
556 2329 687 2402 sibi,
717 2328 864 2387 ausi.
950 2348 1059 2388 nec
1087 2328 1213 2388 ulla
1232 2328 1376 2406 ipsis
1397 2328 1662 2389 sollertia
1687 2351 1699 2387 ε
1743 2327 2022 2408 perfugae

216 2426 561 2504 captivique
582 2424 878 2485 docebant
899 2431 1126 2484 struere
1149 2425 1430 2485 materias
1450 2425 1515 2484 in
1535 2424 1782 2484 modum
1802 2425 2021 2503 pontis,

216 2543 363 2583 mox
416 2522 697 2582 subiectis
750 2522 899 2582 rotis
955 2522 1302 2600 propellere,
1346 2530 1417 2581 ut
1472 2522 1573 2582 alii
1616 2530 2024 2600 superstantes

218 2629 529 2697 tamquam
557 2639 634 2677 ex
673 2638 887 2697 aggere
927 2618 1378 2696 proeliarentur,
1423 2639 1561 2697 pars
1603 2620 1768 2679 intus
1809 2619 2023 2680 occulti
2050 2648 2114 2683 20

218 2737 421 2777 muros
449 2716 820 2775 subruerent.
906 2715 1011 2775 sed
1033 2735 1282 2775 excussa
1307 2716 1561 2776 ballistis
1589 2737 1734 2777 saxa
1762 2725 2024 2779 stravere

218 2814 474 2874 informe
503 2832 664 2891 opus.
753 2818 817 2872 et
844 2819 1036 2872 crates
1064 2812 1388 2891 vineasque
1409 2815 1759 2891 parantibus
1780 2814 2025 2875 adactae

219 2911 539 2972 tormentis
566 2910 845 2970 ardentes
873 2909 1098 2983 hastae,
1125 2909 1403 2988 ultroque
1430 2910 1548 2988 ipsi
1588 2912 2025 2989 obpugnatores

220 3007 463 3087 ignibus
490 3006 867 3084 petebantur,
899 3005 1087 3066 donec
1116 3006 1434 3085 desperata
1459 3008 1523 3067 vi
1549 3015 1858 3068 verterent
1896 3028 2028 3068 con-

222 3105 424 3165 silium
451 3104 527 3164 ad
556 3123 768 3177 moras,
800 3103 961 3163 haud
989 3103 1184 3181 ignari
1211 3124 1534 3182 paucorum
1576 3104 1806 3164 dierum
1834 3105 2027 3167 inesse
2053 3129 2115 3183 25

224 3202 511 3262 alimenta
537 3207 600 3260 et
625 3200 882 3259 multum
925 3199 1163 3260 inbellis
1203 3201 1412 3261 turbae
1435 3223 1453 3276 3
1494 3201 1669 3260 simul
1710 3222 1787 3261 ex
1827 3203 2029 3283 inopia

224 3298 488 3378 proditio
530 3304 593 3358 et
632 3298 792 3357 fluxa
833 3297 1213 3357 servitiorum
1256 3297 1403 3357 fides
1452 3318 1518 3357 ac
1576 3299 1825 3359 fortuita
1886 3300 2028 3361 belli

226 3395 638 3475 sperabantur.
