2261 3684
230 244 308 300 54
772 237 1178 299 CORNELII
1213 238 1318 299 TA
1326 239 1500 300 om·

227 401 460 480 capitur
484 399 819 479 praefectus
848 399 976 459 alae
1021 400 1209 459 Iulius
1246 400 1567 460 Flavianus
1589 423 1606 476 3
1650 400 1827 461 ceteri
1857 400 2037 461 foeda

143 514 199 567 15
226 499 367 576 fuga
422 502 897 569 consternantur,
953 516 1076 557 non
1130 497 1292 557 ultra
1344 497 1602 558 Fidenas
1650 497 1871 558 secutis
1919 497 2033 557 vic-

228 596 473 655 toribus.

118 695 199 760 80
308 692 557 752 LXXX.
602 692 692 752 Eo
736 711 1007 751 successu
1049 691 1252 751 studia
1293 692 1499 770 populi
1541 699 1755 766 aucta;
1814 691 2032 768 vulgus

226 790 523 849 urbanum
565 809 730 849 arma
771 789 946 866 cepit.
1032 789 1238 868 paucis
1280 796 1452 849 scuta
1495 789 1793 861 militaria,
1828 789 2030 867 plures

223 887 411 964 raptis
467 885 632 965 quod
701 886 915 964 cuique
986 886 1231 946 obvium
1301 886 1438 946 telis
1506 887 1741 965 signum
1794 906 2032 964 pugnae

225 990 569 1062 exposcunt.
656 983 782 1061 agit
822 967 1047 1060 ‘grates
1113 981 1397 1043 Vitellius
1467 990 1528 1042 et
1595 982 1672 1042 ad
1739 982 2031 1042 tuendam

170 1107 197 1161 5
224 1081 432 1141 urbem
480 1098 866 1158 prorumpere
914 1079 1097 1139 iubet.
1186 1099 1328 1139 mox
1364 1086 1575 1140 vocato
1625 1087 1836 1140 senatu
1886 1078 2032 1139 deli·

222 1185 448 1258 guntur
474 1177 657 1256 legati
698 1177 776 1236 ad
819 1177 1133 1249 exercituS,
1165 1184 1234 1236 ut
1274 1184 1588 1255 praetexto
1628 1178 1718 1237 rei
1758 1176 2030 1255 publicae

224 1274 598 1335 concordiam
653 1294 977 1353 pacemque
1032 1274 1368 1334 suaderent.
1476 1275 1642 1334 varia
1693 1275 2029 1352 legatorum

223 1393 349 1434 sors
377 1373 509 1432 fuit.
595 1372 698 1450 qui
738 1371 956 1430 Petilio
1000 1370 1221 1431 Ceriali
1263 1378 1658 1444 occurrerant,
1688 1378 2030 1431 extremum

223 1470 542 1531 discrimen
571 1469 787 1542 adiere,
819 1474 1175 1546 aspernante
1204 1469 1395 1529 milite
1430 1468 1805 1529 condiciones
1842 1468 2023 1546 pacis,

140 1595 198 1629 10
224 1569 571 1628 vulneratur
599 1573 839 1645 praetor
859 1566 1161 1626 Arulenus
1190 1566 1506 1627 Rusticus:
1538 1567 1707 1627 auxit
1732 1565 2027 1626 invidiam

222 1685 401 1744 super
408 1665 698 1725 violatum
713 1663 895 1742 legati
911 1663 1318 1741 praetorisque
1332 1684 1551 1724 nomen
1565 1663 1806 1742 propria
1821 1663 2028 1741 digna-

223 1764 309 1823 tio
330 1762 461 1822 viri.
533 1761 853 1840 pulsantur
881 1761 1143 1835 comiteS,
1177 1760 1465 1847 occiditur
1490 1761 1799 1838 proximus
1827 1760 2021 1833 lictor,

221 1863 522 1922 dimovere
550 1860 791 1919 turbam
820 1878 1037 1919 ausus:
1078 1865 1142 1919 et
1168 1859 1233 1918 ni
1275 1860 1417 1919 dato
1460 1880 1495 1919 a
1536 1859 1685 1919 duce
1724 1859 2025 1937 praesidio

246 2002 621 2050 Neyotiafimsor
660 1957 889 2017 defensi
910 1957 1122 2029 forent,
1151 1976 1382 2016 sacrum
1405 1956 1586 2016 etiam
1605 1956 1766 2015 inter
1785 1963 2024 2016 exteras

137 2076 192 2128 15
218 2063 352 2101 Pm-
656 2061 865 2132 gentes
913 2052 1248 2132 legatorum
1301 2054 1397 2113 ius
1442 2060 1580 2113 ante
1622 2053 1752 2131 ipsa
1790 2053 2025 2132 patriae

219 2151 453 2211 moenia
499 2150 689 2211 civilis
744 2150 937 2210 rabies
981 2170 1168 2228 usque
1223 2151 1286 2209 in
1342 2150 1596 2211 exitium
1651 2158 2019 2211 temerasset.

218 2249 595 2327 aequioribus
650 2247 862 2307 animis
917 2248 1143 2325 accepti
1199 2254 1342 2308 sunt
1394 2248 1499 2326 qui
1553 2248 1630 2307 ad
1683 2248 2026 2308 Antonium

217 2352 523 2420 venerant,
573 2365 696 2406 non
750 2346 890 2423 quia
938 2344 1265 2431 modestior
1307 2344 1493 2419 mileS,
1544 2345 1650 2405 sed
1698 2345 1838 2405 duci
1882 2345 2023 2423 plus

218 2443 619 2518 auctoritatis.

113 2547 190 2612 81
300 2539 582 2600 LXXXI.
628 2540 954 2599 Miscuerat
1023 2560 1084 2598 se
1154 2539 1365 2617 legatis
1434 2539 1749 2600 Musonius
1827 2540 2023 2601 Rufus

218 2638 508 2717 equestris
564 2637 807 2711 ordiniS,
866 2636 1136 2696 studium
1192 2637 1602 2715 philosophiae
1670 2644 1732 2697 et
1798 2638 2024 2716 placita

217 2735 556 2796 Stoicorum
573 2734 905 2794 aemulatus
915 2756 931 2807 3
955 2734 1387 2813 coeptabatque
1404 2735 1736 2811 permixtus
1753 2735 2023 2813 manipu-

215 2834 307 2907 lis,
338 2834 496 2894 bona
535 2832 696 2911 pacis
740 2852 805 2892 ac
847 2831 988 2891 belli
1032 2831 1378 2891 discrimina
1415 2832 1727 2905 disserenS,
1757 2840 2021 2893 armatos

161 2959 189 3013 5
218 2949 475 2991 monere.
561 2929 625 2988 id
664 2928 964 3007 plerisque
1006 2927 1283 3002 ludibrio,
1316 2929 1587 3005 pluribus
1628 2928 1828 2989 taedio
1857 2953 1870 2989 :
1909 2948 2020 2989 nec

217 3028 465 3086 deerant
486 3026 590 3103 qui
620 3017 1024 3103 propellerent
1051 3025 1593 3104 proculcarentque,
1616 3026 1681 3085 ni
1702 3014 2020 3087 admonitu

214 3122 638 3181 modestissimi
675 3121 956 3198 cuiusque
989 3128 1051 3180 et
1087 3122 1220 3181 aliis
1258 3123 1680 3183 minitantibus
1720 3123 2019 3183 omisisset

214 3217 698 3293 intempestivam
740 3217 1108 3293 sapientiam.
1197 3218 1405 3278 obviae
1446 3220 1609 3279 fuere
1652 3226 1713 3280 et
1755 3220 2019 3298 virgines

216 3311 488 3371 Vestales
514 3332 649 3371 cum
677 3312 949 3390 epistulis
978 3312 1211 3374 Vitellii
1241 3314 1318 3374 ad
1359 3315 1698 3377 Antonium
1738 3316 1978 3395 scriptis
2002 3341 2017 3379 ε
