2261 3684
296 281 373 339 60
835 279 1230 341 CORNELII
1272 281 1376 342 TA
1385 281 1469 342 01
1470 280 1553 341 ΤΙ

227 440 268 503 2
373 439 452 500 ΙΙ.
498 439 736 500 Nomen
784 439 1102 518 sedemque
1154 440 1421 501 Caesaris
1467 441 1854 502 Domitianus
1898 461 2096 518 accep-

293 544 437 610 erat,
467 537 738 597 nondum
766 537 843 597 ad
886 557 1055 597 curas
1095 537 1385 611 intentus,
1430 539 1535 598 sed
1577 539 1800 616 stupris
1828 546 1890 599 et
1933 538 2098 598 adul·

292 635 461 695 teriis
508 635 698 694 filium
740 634 1024 713 principis
1066 635 1293 713 agebat.
1382 635 1773 714 praefectura„
1809 634 2097 714 praetorii

290 751 474 811 penes
528 731 775 791 Arrium
829 731 1074 805 Varum,
1132 752 1363 792 summa
1419 732 1719 810 potentiae
1773 728 1837 791 in
1892 731 2096 791 Primo

240 836 267 890 5
292 829 576 890 Antoni0.
663 829 714 888 is
742 829 1056 906 pecuniam
1095 827 1504 908 familiamque
1533 849 1565 890 e
1594 830 1878 909 principis
1916 828 2097 888 domo

292 926 462 1005 quasi
501 925 962 987 Cremonensem
990 925 1272 1005 praedam
1302 947 1508 1004 rapere
1534 949 1547 986 ε
1593 914 1775 987 ceteri
1802 925 2099 986 modestia

292 1023 390 1084 vel
425 1022 802 1102 ignobilitate
845 1030 916 1082 ut
956 1024 1020 1082 in
1061 1023 1218 1083 bello
1267 1023 1518 1098 obscuri,
1569 1023 1657 1083 ita
1697 1023 2099 1102 praemiorum

294 1129 585 1201 expertes,
671 1120 881 1180 civitas
930 1120 1151 1198 pavida
1188 1127 1250 1180 et
1291 1121 1535 1180 servitio
1573 1129 1780 1199 parata
1822 1122 2097 1200 occupari

346 1260 586 1301 Sum-endor
653 1261 703 1310 0!
734 1217 1085 1278 redeuntem
1127 1218 1450 1278 Tarracina
1490 1217 1552 1277 L.
1599 1217 1919 1279 Vitellium
1962 1237 2098 1277 cum

214 1333 271 1370 10
297 1311 340 1350 l·
369 1311 575 1352 Viffllim·
723 1314 1067 1375 cohortibus
1151 1315 1541 1393 extinguique
1628 1314 1859 1393 reliqua
1953 1313 2098 1374 belli

295 1412 676 1490 postulabat:
769 1411 1081 1491 praemissi
1178 1411 1443 1471 Ariciam
1539 1412 1785 1490 equites
1885 1432 2098 1490 agmen

295 1508 598 1588 legionum
645 1508 805 1568 intra
861 1508 1127 1568 Bovillas
1183 1509 1370 1568 stetit.
1483 1529 1592 1569 nec
1637 1515 1953 1569 cunctatus
2008 1516 2102 1568 est

296 1605 584 1665 Vitellius
625 1625 805 1683 seque
848 1613 909 1665 et
965 1605 1238 1666 cohortes
1278 1605 1527 1666 arbitrio
1568 1606 1810 1666 victoris
1857 1606 2100 1685 per‘mit-

296 1711 439 1777 tere,
465 1710 527 1763 et
552 1702 723 1763 miles
750 1702 1010 1763 infelicia
1030 1723 1195 1763 arma
1221 1703 1384 1763 haud
1404 1703 1601 1762 minus
1621 1704 1710 1763 ira
1730 1722 1911 1781 quam
1934 1711 2101 1763 metu

216 1817 270 1870 15
296 1800 533 1863 abiecit.
614 1799 829 1879 longus
870 1799 1215 1861 deditorum
1258 1800 1404 1861 ordo
1446 1808 1686 1880 saeptus
1721 1801 1967 1861 armatis
1994 1820 2101 1879 per

298 1899 506 1959 urbem
555 1898 814 1973 incessit,
872 1918 1047 1957 nemo
1103 1897 1358 1975 supplici
1407 1898 1600 1971 vultu,
1646 1898 1750 1958 sed
1795 1898 1999 1958 tristes
2040 1906 2102 1958 et

298 2005 493 2056 truces
543 2003 604 2058 et
647 1995 965 2055 adversum
1007 1994 1249 2073 plausus
1292 2015 1359 2054 ac
1398 1994 1702 2054 lasciviam
1750 1994 2100 2055 insultantis

297 2093 466 2172 vulgi
504 2092 838 2152 inmobiles.
921 2112 1138 2169 paucos
1180 2111 1490 2169 erumpere
1523 2111 1698 2152 ausos
1739 2092 2102 2153 circumiecti

299 2210 679 2269 oppressere;
737 2189 917 2248 ceteri
968 2189 1034 2248 in
1082 2189 1415 2249 custodiam
1457 2187 1699 2263 conditi,
1750 2188 1905 2248 nihil
1945 2190 2102 2268 quis-

212 2303 275 2338 20
299 2308 479 2368 quam
506 2286 738 2347 locutus
777 2285 1108 2363 indignum,
1142 2292 1204 2345 et
1244 2304 1606 2364 quamquam
1644 2285 1803 2345 inter
1829 2286 2096 2358 adversa,

235 2437 238 2438 ν
299 2384 463 2445 salva
509 2383 752 2444 virtutis
807 2383 979 2443 fama.
1086 2382 1229 2442 dein
1277 2382 1343 2442 L.
1393 2382 1680 2442 Vitellius
1722 2383 2098 2456 interficitur,

298 2503 406 2561 par
445 2482 612 2541 vitiis
658 2480 847 2555 fratri,
898 2480 960 2538 in
1016 2480 1356 2557 principatu
1411 2480 1538 2540 eius
1579 2479 1939 2559 vigilantior,
1991 2499 2101 2540 nec

297 2579 543 2658 perinde
568 2578 867 2657 prosperis
893 2576 1087 2637 socius
1114 2596 1294 2655 quam
1322 2577 1585 2636 adversis
1613 2577 1958 2637 abstractus.

232 2676 273 2740 3
376 2676 489 2737 ΙΙΙ.
535 2675 734 2736 Isdem
776 2673 987 2733 diebus
1027 2672 1293 2733 Lucilius
1343 2674 1560 2733 Bassus
1620 2694 1756 2733 cum
1812 2673 2098 2751 expedito

295 2775 495 2855 equite
543 2773 620 2833 ad
668 2770 1140 2850 componendam
1203 2769 1594 2849 Campaniam
1642 2771 1926 2846 mittitur,
1979 2772 2099 2831 dis-

296 2873 572 2934 cordibus
599 2869 1059 2948 municipiorum
1084 2867 1298 2927 animis
1319 2868 1508 2946 magis
1528 2867 1688 2928 inter
1710 2874 1900 2929 semet
1917 2889 2099 2947 quam

296 2969 668 3033 contumacia
696 2967 981 3027 adversus
1009 2965 1357 3043 principem.
1444 2965 1574 3025 viso
1601 2965 1796 3025 milite
1834 2966 2007 3044 quies
2037 2974 2097 3027 et

242 3088 268 3140 5
295 3067 625 3128 minoribus
680 3063 927 3124 coloniis
994 3062 1341 3140 inpunitas:
1411 3062 1654 3140 Capuae
1707 3061 1863 3142 legio
1916 3063 2100 3123 tertia

295 3163 598 3223 hiemandi
627 3180 804 3221 causa
843 3160 1075 3219 locatur
1115 3166 1179 3218 et
1219 3158 1432 3218 domus
1473 3158 1757 3219 inlustres
1800 3158 2093 3233 adflictae,

295 3280 430 3318 cum
457 3265 664 3317 contra
691 3257 1147 3317 Tarracinenses
1164 3255 1330 3315 nulla
1350 3275 1460 3333 ope
1481 3256 1848 3315 iuvarentur.
1926 3264 2097 3317 tanto

293 3350 614 3429 proclivius
643 3358 735 3409 est
753 3350 1005 3408 iniuriae
1033 3370 1212 3425 quam
1241 3349 1527 3412 beneficio
1548 3352 1739 3411 vicem
1766 3351 2092 3426 exsolvere,
