2261 3684
625 248 1079 309 HISTORIAR
1093 247 1222 308 UM
1258 247 1411 306 LIB.
1460 245 1565 306 IV.
1924 244 1999 302 85

200 406 551 469 donativum
607 417 951 487 exposcunt,
1000 415 1282 486 conperto
1325 407 1636 485 pecuniam
1679 426 1714 466 a
1753 404 2001 465 Vitellio

198 505 454 565 missam.
541 526 649 566 nec
692 506 798 565 diu
825 513 1137 566 cunctatus
1167 504 1547 565 Hordeonius
1590 503 1831 563 nomine
1858 501 2002 562 Ves-

197 604 427 680 pasiani
469 603 654 674 dedit,
698 603 879 682 idque
933 603 1320 681 praecipuum
1376 601 1492 660 fuit
1546 600 1858 661 seditionis
1901 599 2002 659 ali·
2032 615 2091 650 10

195 708 485 761 mentum.
572 701 742 761 effusi
778 701 840 761 in
891 701 1100 760 luxum
1149 707 1210 759 et
1252 699 1455 777 epulas
1499 706 1561 758 et
1652 731 1829 780 Mun-„y
1860 731 1908 769 i„
1936 729 2002 770 αα

195 806 521 859 nocturnos
550 808 752 860 coetus
774 806 1036 858 veterem
1058 798 1122 857 in
1148 797 1558 856 Hordeonium
1601 782 2001 880 fflss‘sse’ssflssssyffioffl

191 895 344 955 iram
385 903 695 971 renovant,
728 916 835 956 nec
862 895 986 957 ullo
1013 895 1345 974 legatorum
1375 893 1559 953 tribu·
1599 882 1788 923 aeonem.

191 1014 486 1053 norumve
515 994 801 1054 obsistere
830 1013 972 1053 auso
1002 992 1248 1072 (quippe
1278 1010 1512 1051 omnem
1547 990 1834 1068 pudorem
1879 1011 1999 1050 nox

188 1090 524 1169 ademerat)
556 1097 922 1170 protractum
951 1109 983 1149 e
1013 1089 1195 1149 cubili
1222 1088 1603 1147 interficiunt.
1692 1087 1899 1147 eadem
1936 1088 1999 1146 in
2032 1100 2087 1152 15

190 1188 487 1248 Voculam
530 1189 908 1266 parabantur,
941 1186 1056 1246 nisi
1099 1185 1300 1246 servili
1341 1185 1555 1244 habitu
1591 1204 1699 1263 per
1725 1185 1999 1244 tenebras

186 1287 504 1364 ignoratus
531 1285 829 1345 evasisset.
1607 1352 1612 1358 ,

274 1382 600 1442 XXXVII.
647 1382 772 1442 Ubi
814 1381 1021 1441 sedato
1063 1381 1294 1458 impetu
1335 1385 1531 1439 metus
1572 1379 1770 1453 rediit,
1801 1387 2000 1439 centu·
2023 1367 2105 1432 37

187 1480 392 1540 riones
433 1501 565 1539 cum
620 1479 890 1558 epistulis
939 1477 1014 1538 ad
1065 1478 1337 1537 civitates
1380 1476 1712 1536 Galliarum
1762 1477 1996 1549 misere,

187 1578 420 1638 auxilia
445 1599 513 1637 ac
540 1576 841 1655 stipendia
878 1583 1151 1636 oraturos
1177 1598 1190 1635 τ
1221 1567 1364 1653 ipsi,
1397 1581 1467 1634 ut
1495 1581 1586 1634 est
1613 1574 1827 1653 vulgus
1869 1574 1997 1634 sine

186 1682 422 1735 rectore
469 1693 750 1752 praeceps
799 1672 1086 1751 pavidum
1130 1692 1346 1745 socorS,
1399 1670 1763 1731 adventante
1806 1671 1996 1732 Civile

186 1771 381 1851 raptis
423 1777 646 1831 temere
689 1769 869 1829 armis
900 1790 965 1828 ac
1008 1769 1214 1828 statim
1255 1768 1502 1842 omissiS,
1549 1768 1612 1826 in
1641 1768 1843 1848 fugam
1872 1789 1998 1829 ver·
2026 1781 2052 1833 5

185 1878 423 1930 tuntur.
508 1890 603 1929 res
645 1869 929 1928 adversae
973 1867 1331 1927 discordiam
1373 1887 1672 1945 peperere,
1718 1867 1790 1926 iis
1819 1868 1923 1946 qui
1965 1888 1998 1927 e

185 1966 494 2044 superiore
529 1966 801 2026 exercitu
830 1972 1001 2025 erant
1036 1984 1274 2024 causam
1305 1985 1473 2023 suam
1504 1963 1999 2038 dissociantibus3

183 2062 428 2122 Vitellii
469 2070 670 2121 tamen
715 2061 1004 2139 imagines
1061 2061 1124 2120 in
1169 2061 1376 2120 castris
1434 2067 1495 2119 et
1543 2080 1650 2138 per
1696 2062 1997 2138 proximas

183 2159 509 2237 Belgarum
538 2159 811 2218 civitates
851 2157 1162 2236 repositae,
1196 2177 1330 2216 cum
1373 2157 1492 2217 iam
1534 2157 1817 2217 Vitellius
1854 2159 1999 2218 occi-

184 2256 395 2315 disset.
481 2255 619 2314 dein
669 2255 889 2314 mutati
938 2254 1002 2313 in
1047 2254 1481 2332 paenitentiam
1523 2253 1780 2333 primani
1829 2275 1997 2333 quar·
2028 2271 2087 2308 10

182 2353 438 2431 tanique
500 2358 562 2412 et
629 2351 1203 2411 duoetvicensimani
1263 2351 1554 2412 Voculam
1646 2387 1743 2426 Μ
1819 2387 1871 2433 os
1933 2389 1997 2428 m,

182 2456 538 2528 sequuntur,
595 2448 756 2528 apud
814 2468 994 2527 quem
1048 2455 1355 2526 resumpto
1410 2448 1554 2509 Ves-
1591 2438 1997 2537 Ziffi‘oyjssaossffii‘gl

184 2546 421 2626 pasiani
530 2541 898 2606 sacramento
1007 2545 1085 2606 ad
1179 2545 1553 2606 liberandum
1595 2548 1702 2619 cam.

183 2642 561 2723 Mogontiaci
615 2642 915 2703 obsidium
972 2641 1360 2703 ducebantur.
1448 2643 1842 2705 discesserant
1897 2646 1995 2706 ob-

184 2760 462 2814 sessores,
492 2740 719 2800 mixtus
748 2760 824 2799 ex
854 2738 1092 2799 Chattis
1121 2739 1331 2817 Usipis
1347 2741 1650 2801 Mattiacis
1680 2742 1993 2818 exercitus,
2025 2755 2082 2809 15

184 2839 466 2899 satietate
513 2836 779 2916 praedae‘
820 2857 926 2896 nec
974 2837 1356 2910 incruentati,
1406 2837 1547 2916 quia
1595 2839 1891 2918 dispersos
1934 2848 1995 2901 et

183 2936 416 2997 nescios
484 2935 655 2995 miles
722 2941 926 2994 noster
978 2934 1293 2994 invaserat.
1406 2936 1552 3013 quin
1623 2943 1685 2997 et
1750 2937 1995 2997 loricam

183 3028 531 3111 vallumque
573 3052 680 3111 per
710 3033 857 3092 fines
886 3051 1024 3091 suos
1052 3031 1298 3091 Treveri
1328 3039 1616 3108 struxere,
1647 3035 1994 3115 magnisque

184 3131 252 3192 in
300 3131 493 3191 vicem
548 3128 817 3190 cladibus
872 3148 1007 3189 cum
1056 3127 1374 3188 Germanis
1423 3132 1748 3206 certabant,
1803 3132 1992 3193 donec

184 3228 424 3310 egregia
450 3244 591 3305 erga
617 3225 906 3305 populum
948 3223 1292 3285 Romanum
1317 3227 1534 3287 merita
1573 3248 1716 3288 mox
1742 3231 1991 3292 rebelles
2018 3245 2083 3282 20

184 3313 514 3388 foedarent.
