2261 3684
632 254 1227 321 HISTORIARUM
1264 260 1418 320 LIB.
1464 253 1585 321 III.
1936 261 2004 323 41

207 422 744 498 centurionumque
768 449 785 495 3
826 440 966 479 nam
993 421 1298 499 gregarius
1325 421 1497 480 miles
1526 421 1876 491 induruerat
1903 443 2011 501 pro

207 518 472 590 Vitellio,
505 517 694 578 donec
723 518 965 577 Priscus
1006 525 1068 578 et
1096 517 1352 577 Alfenus
1395 518 1648 578 desertis
1689 520 1897 579 castris
1934 520 2010 580 ad

203 614 525 674 Vitellium
593 610 846 693 regressi
913 614 1145 693 pudore
1206 615 1564 693 proditionis
1619 624 1862 677 cunctos
1914 637 2013 677 ex·

202 713 524 773 solverent.
737 703 754 733 ⁷

283 810 481 869 LXII.
529 809 730 868 Isdem
800 809 1009 868 diebus
1077 793 1301 869 Fabius
1356 809 1583 869 Valens
1655 810 1877 871 Urbini
1945 812 2008 872 in
2036 815 2117 879 62

199 908 481 968 custodia
521 907 896 967 interficitur.
983 914 1162 985 caput
1217 907 1345 966 eius
1387 906 1574 966 Vitel-
1614 926 1747 966 Deam
1764 927 1813 975 os
1829 926 1991 967 mm.

197 1004 380 1064 lianis
438 1005 784 1064 cohortibus
839 1010 1205 1064 ostentatum
1263 1024 1340 1064 ne
1394 1024 1573 1081 quam
1628 1004 1789 1064 ultra
1844 1024 2010 1083 spem

196 1102 484 1162 foverent
499 1124 516 1176 3
559 1123 698 1162 nam
742 1102 1069 1180 pervasisse
1109 1102 1174 1160 in
1217 1101 1567 1161 Germanias
1594 1101 1913 1162 Valentem
1949 1108 2012 1162 et

200 1209 440 1262 veteres
467 1201 589 1260 illic
618 1220 922 1279 novosque
950 1201 1247 1260 exercitus
1288 1200 1440 1259 ciere
1483 1199 1804 1260 credebant
1829 1224 1841 1260 ε
1883 1200 2013 1260 visa
2040 1228 2067 1280 5

198 1298 386 1359 caede
414 1299 479 1357 in
507 1299 984 1376 desperationem
1013 1297 1189 1358 versi.
1277 1305 1339 1356 et
1366 1296 1687 1357 Flavianus
1716 1298 2010 1357 exercitus

199 1397 468 1456 immane
503 1392 796 1473 quantum
852 1394 1008 1454 aiccto
1055 1394 1256 1454 animo
1306 1395 1559 1454 exitium
1616 1394 1887 1455 Valentis
1942 1403 2011 1455 ut

201 1495 390 1553 finem
450 1492 592 1553 belli
657 1492 898 1571 accepit.
970 1500 1149 1551 natus
1222 1499 1352 1552 erat
1412 1491 1640 1551 Valens
1700 1493 2011 1571 Anagniae

201 1590 474 1668 equestri
512 1589 756 1663 familia,
792 1609 1013 1667 procax
1050 1589 1316 1649 moribus
1355 1608 1550 1666 neque
1592 1589 1885 1650 absurdus
1926 1591 2009 1650 in·

201 1689 404 1768 geni0,
445 1688 510 1747 ni
561 1688 780 1747 famam
834 1687 1195 1747 urbanitatis
1244 1705 1351 1764 per
1404 1685 1706 1746 lasciviam
1759 1695 2005 1767 peteret.
2043 1719 2100 1755 ιο

203 1786 437 1847 ludicro
466 1785 842 1846 Iuvenalium
884 1785 995 1846 sub
1027 1784 1271 1848 Nerone
1298 1783 1466 1845 velut
1495 1802 1571 1842 ex
1616 1803 1690 1842 ma
1708 1802 1936 1845 character.

203 1885 575 1958 necessitate,
619 1904 760 1943 mox
803 1891 1016 1961 sponte
1057 1883 1273 1942 mimos
1315 1881 1603 1954 actitavit,
1637 1883 1780 1942 scite
1822 1883 2011 1962 magis

205 2002 388 2060 quam
430 1980 627 2060 probe.
734 1980 966 2059 legatus
1005 1979 1258 2058 legionis
1287 1986 1348 2039 et
1376 1979 1532 2039 fovit
1557 1979 1911 2059 Verginium
1948 1988 2011 2041 et

205 2079 524 2140 infamavit
544 2101 562 2153 3
601 2077 922 2138 Fonteium
952 2077 1306 2156 Capitonem
1335 2083 1697 2156 corruptum,
1730 2097 1837 2139 seu
1869 2079 2010 2157 quia

205 2196 582 2254 corrumpere
628 2175 995 2253 nequiverat,
1048 2174 1381 2234 interfecit:
1438 2174 1665 2233 Galbae
1719 2175 2006 2253 proditor,
2042 2205 2098 2258 15

190 2274 459 2434 yitellio
485 2272 642 2332 fidus
669 2280 732 2332 et
760 2272 1009 2332 aliorum
1038 2260 1683 2349 perfidiffinlustratua

144 2327 183 2435 ῑ
285 2370 514 2430 LXIII.
562 2369 842 2448 Abrupta
908 2369 1175 2446 undique
1244 2388 1347 2446 spe
1405 2368 1771 2429 Vitellianus
1839 2371 2009 2431 miles
2037 2374 2117 2437 63

206 2469 570 2528 transiturus
597 2467 661 2526 in
688 2473 906 2545 partes,
939 2466 1002 2526 id
1031 2486 1268 2544 quoque
1310 2486 1434 2525 non
1475 2466 1602 2526 sine
1644 2466 1871 2543 decore,
1904 2470 2009 2530 sed

205 2566 318 2626 sub
416 2564 614 2642 signis*
675 2563 1032 2641 vexillisque
1120 2563 1186 2621 in
1277 2563 1574 2622 subiectos
1664 2623 1700 2665 S
1832 2627 1861 2665 d

205 2663 472 2724 Narniae
517 2671 755 2739 campos
792 2660 1164 2721 descendere.
1252 2659 1573 2718 Flavianus
1615 2674 1683 2715 the
1700 2629 2016 2719 α’ῗῧῖἶιεαοζ

203 2760 521 2844 θζῑθῐοὶωε,
598 2766 669 2819 ut
757 2757 835 2818 ad
923 2758 1216 2835 proelium
1298 2757 1568 2817 intentus
1614 2738 1748 2777 “my‘
2040 2786 2070 2840 5

203 2862 588 2934 ornatusque,
645 2855 847 2915 densis
903 2855 1056 2914 circa
1110 2854 1269 2913 viam
1319 2853 1629 2914 ordinibus
1676 2854 2007 2914 adstiterat.

202 2955 435 3033 accepti
474 2954 540 3013 in
582 2952 846 3013 medium
872 2951 1204 3024 Vitelliani,
1238 2959 1299 3011 et
1342 2951 1737 3011 circumdatos
1776 2951 2014 3011 Primus

204 3051 513 3113 Antonius
557 3049 884 3110 clementer
928 3048 1311 3125 adloquitur:
1369 3068 1505 3127 pars
1552 3048 1830 3121 Narniae,
1878 3069 2013 3127 pars

202 3150 587 3210 Interamnae
636 3147 959 3207 subsistere
1007 3146 1172 3205 iussi.
1278 3146 1517 3205 relictae
1566 3144 1744 3204 simul
1798 3165 1832 3205 e
1900 3148 2015 3207 vic-

202 3247 453 3307 tricibus
522 3244 804 3322 legioneS,
876 3261 1070 3318 neque
1155 3242 1593 3317 quiescentibus
1661 3261 1872 3316 graves
1954 3249 2016 3300 et
2048 3273 2107 3306 10

201 3344 493 3405 adversus
564 3338 1002 3400 contumaciam
1063 3337 1314 3395 validae.
1429 3355 1549 3394 non
1606 3336 1855 3392 omisere
1910 3355 2016 3409 per
