2261 3684
623 275 1216 340 HISTORIARUM
1256 276 1410 337 LIB.
1455 275 1577 337 III.
1930 279 2002 336 13

180 439 266 521 de
300 440 690 523 ideraverant
716 430 895 519 atdue
929 440 991 499 in
1031 439 1297 500 adversis
1325 438 1997 547 de‘iffisstheyegabant·

270 524 516 611 ffaiife‘m
563 539 751 600 aciem
795 539 985 597 victor
1029 538 1334 616 equitatus
1383 524 1682 610 incursat3
1752 543 1814 595 et
1862 536 2003 614 Vip-

184 643 406 697 stanus
454 618 738 696 Messalla
786 636 1064 695 tribunus
1112 654 1247 694 cum
1297 633 1574 693 Moesicis
1614 633 2003 693 auxiliaribus
2033 652 2093 689 ιο

184 733 564 811 adsequitur,
591 736 739 812 quos
767 732 942 793 multi
971 753 1003 792 e
1031 732 1390 833 legionariisx
1399 751 1761 809 quamquam
1783 732 2004 810 raptim

185 820 413 987 ductos
434 832 817 917 aequabant:
859 832 946 891 ita
987 831 1216 889 mixtus
1253 830 1435 907 pedes
1463 848 1764 908 equesque
1792 828 2038 908 rupere''

187 927 355 1006 legio
403 948 503 988 um
523 948 753 1007 agmen.
831 936 893 987 et
908 928 1244 1005 propinqua
1262 926 1748 986 Cremonensium
1770 927 2005 987 moenia

186 1033 424 1103 quanto
446 1025 582 1103 plus
611 1026 736 1104 spei
766 1024 842 1085 ad
864 1024 1163 1103 effugium,
1190 1025 1480 1083 minorem
1508 1024 1584 1087 ad
1606 1023 2006 1125 PQSiStssndffim·

187 1125 468 1182 animum
497 1123 734 1183 dabant.
824 1142 932 1182 nec
959 1122 1265 1182 Antonius
1307 1120 1468 1181 ultra
1506 1120 1746 1193 institit,
1778 1110 2005 1182 memor
2034 1137 2090 1190 15

190 1220 421 1280 laboris
467 1241 532 1280 ac
574 1220 909 1294 vulnerum,
948 1219 1167 1297 quibus
1212 1227 1339 1278 tam
1380 1213 1595 1299 agi-ceps
1635 1219 1849 1297 proelii
1890 1221 2005 1280 for-

190 1323 362 1390 tuna,
415 1319 687 1396 quamvis
741 1337 1023 1395 prospero
1082 1317 1217 1390 fine,
1276 1316 1508 1394 equites
1545 1300 1857 1395 ‘equosque
1905 1319 2026 1413 ad‘x

191 1415 549 1487 flictaverat.
986 1468 989 1473 .

277 1502 449 1570 XIX.
496 1510 891 1572 Inumbrante
969 1530 1219 1589 vespera
1299 1509 1646 1573 universum
1729 1511 2002 1573 Flaviani
2028 1512 2107 1576 19

1683 1610 1718 1627 ,ἦ

196 1609 498 1669 exercitus
525 1608 707 1668 robur
735 1608 995 1667 advenit.
1084 1615 1271 1685 utque
1293 1592 1612 1667 cumulos*
1636 1606 1864 1711 adom„
1877 1665 2001 1713 asmo

162 1726 377 1785 „super
404 1714 465 1766 et
493 1707 756 1766 recentia
778 1705 955 1765 caede
978 1705 1233 1784 vestigia
1252 1705 1557 1778 incessere,
1603 1713 1788 1751 flavian
1806 1717 2002 1762 eroopm

198 1804 371 1883 quasi
420 1802 784 1890 debellatum
826 1803 999 1877 for‘et,
1041 1823 1286 1882 pergere
1326 1801 1562 1864 Cremo·
1603 1763 1746 1802 “aad
1764 1762 1832 1803 m
1851 1766 1963 1803 ‘⁰¹⁰⁷‘
2013 1824 2034 1886 χ

134 1920 338 1962 π,ιιειιῑι
381 1909 446 1961 et
471 1901 661 1961 victos
701 1901 766 1959 in
808 1900 1178 1987 deditionem
1211 1900 1475 1979 accipere
1517 1908 1621 1960 aut
1661 1920 2000 1978 expugnare
2029 1927 2056 1980 5

197 1999 546 2078 deposcunt.
658 1998 804 2057 haec
851 1987 915 2056 in'
957 1995 1176 2069 medio,
1228 1997 1478 2075 pulchra
1504 1997 1705 2057 dictu:
1747 1997 1850 2058 illa
1887 1999 2000 2058 sibi

72 544 109 561 ‘⁴-

199 2096 468 2175 quisque,
524 2115 696 2174 posse
752 2094 1043 2154 coloniam
1100 2094 1279 2172 plano
1335 2096 1510 2154 sitam
1567 2096 1793 2174 impetu
1849 2096 1996 2174 capi.

198 2195 360 2255 idem
389 2194 668 2255 audaciae
696 2213 804 2272 per
829 2186 1104 2272 tenebras
1124 2193 1608 2271 inrumpentibus
1630 2200 1690 2252 et
1717 2193 2002 2255 maiorem

198 2291 469 2370 rapiendi
507 2290 822 2351 licentiam.
910 2290 1072 2368 quod
1115 2290 1166 2349 si
1207 2289 1399 2350 lucem
1441 2292 1844 2369 opperiantur,
1881 2293 2000 2352 iam

197 2409 419 2468 pacem,
451 2389 571 2448 iam
599 2407 817 2465 preceS‚
842 2394 905 2447 et
931 2407 1040 2465 pro
1066 2386 1271 2446 labore
1300 2408 1366 2447 ac
1388 2387 1734 2448 vulneribus
1755 2389 2002 2449 clemen·
2033 2416 2092 2452 10

198 2487 348 2546 tiam
389 2493 451 2546 et
489 2485 754 2564 gloriam,
787 2484 1006 2556 inania,
1037 2479 1281 2556 latu'ros,
1314 2484 1418 2545 sed
1461 2505 1602 2564 opes
1645 2485 2004 2547 Cremonen-

200 2586 353 2645 sium
390 2584 454 2642 in
496 2583 631 2643 sinu
673 2581 1109 2660 praefectorum
1150 2580 1601 2659 legatorumque
1649 2581 1792 2642 fore.
1905 2603 2004 2643 ex-

201 2687 495 2760 pugnatae
554 2678 720 2739 urbis
786 2678 1071 2757 praedam
1141 2677 1217 2737 ad
1286 2677 1557 2750 militem,
1616 2677 1854 2739 deditae
1923 2679 2001 2740 ad

201 2780 379 2840 duces
411 2777 730 2856 pertinere.
815 2783 1181 2853 spernuntur
1221 2775 1598 2864 centuriones
1635 2777 1996 2856 tribunique,

201 2898 267 2937 ac
292 2897 367 2936 ne
395 2894 517 2935 vox
543 2875 894 2951 cuiusquam
920 2872 1215 2945 audiatur,
1245 2873 1528 2951 quatiunt
1553 2894 1731 2948 arma,
1762 2875 1999 2953 rupturi
2031 2896 2087 2948 15

172 2982 185 2994 “
201 2973 531 3052 imperium,
561 2972 626 3031 ni
653 2970 961 3031 ducantur.

280 3070 416 3131 XX.
461 3069 619 3129 Tum
673 3067 978 3128 Antonius
1032 3061 1302 3127 inserens
1369 3088 1433 3128 se
1500 3067 1836 3145 manipulis,
1893 3071 1997 3130 ubi
2024 3070 2105 3134 20

203 3168 483 3246 adspectu
511 3173 573 3225 et
599 3165 955 3225 auctoritate
977 3164 1284 3224 silentium
1311 3165 1549 3236 fecerat,
1580 3183 1702 3223 non
1730 3185 1792 3225 se
1821 3166 1999 3230 decus
2165 3155 2170 3164 ³

203 3285 392 3344 neque
434 3260 695 3343 pretium
728 3262 956 3339 eripere
996 3268 1121 3322 tam
1164 3261 1316 3321 bene
1357 3262 1587 3320 meritis
1624 3262 1996 3336 adfirmabat,
2061 3281 2068 3292 ⁸
2163 3253 2172 3270 ⁸

2051 3315 2066 3346 Χ

206 3363 304 3424 sed
331 3361 524 3421 divisa
550 3361 709 3420 inter
737 3358 1066 3419 exercitum
1094 3358 1390 3436 ducesque
1428 3359 1668 3420 munia:
1708 3353 2046 3422 militibus*
2117 3417 2118 3420 ,
