2261 3684
237 271 273 331 7
279 273 316 330 2
774 272 1173 333 CORNELII
1209 271 1314 335 ΤΑ
1323 271 1499 334 011⁷]

235 430 567 509 legionibus
594 433 1056 512 cohortibusque
1083 434 1359 495 redditur
1379 437 1610 496 clamor.
1699 437 2034 498 nudaverat

234 528 541 588 sinistrum
569 549 755 590 cornu
782 531 1147 591 Batavorum
1177 532 1272 592 ala
1289 533 1687 613 transfugiens
1709 535 2033 613 statimque

231 625 290 684 in
321 645 430 685 nos
458 646 648 686 versa.
732 628 836 688 sed
867 628 1225 707 legionarius
1251 630 1439 702 miles,
1472 650 1831 708 quamquam
1851 631 2031 692 rebus

125 739 187 793 25
232 722 498 800 trepidis,
544 744 711 784 arma
752 725 1108 803 ordinesque
1152 727 1465 787 retinebat.
1551 727 1850 787 Ubiorum
1894 729 2032 789 Tre-

284 852 394 903 ηις,
443 866 516 894 a„
562 856 628 894 de.
669 841 1063 900 verorumque
1106 823 1330 883 auxilia
1368 824 1543 884 foeda
1582 825 1725 902 fuga
1764 825 2032 904 dispersa

219 904 370 1003 {⁶3⁶2}
404 906 630 996 ξῗαγαᾞξ
671 922 816 979 totis
858 921 1081 999 campis
1138 921 1457 998 palantur:
1526 921 1667 981 illuc
1707 923 2031 984 incubuere

229 1005 391 1044 ‘'mr‘’
669 1016 972 1090 Germani,
1057 1025 1120 1078 et
1208 1018 1325 1078 fuit
1405 1019 1647 1079 interim
1745 1021 2033 1100 effugium

225 1113 561 1194 legionibus
628 1115 691 1174 in
752 1126 960 1189 castra,
1020 1116 1237 1193 quibus
1290 1114 1583 1176 Veterum
1644 1136 1860 1176 nomen
1916 1125 2023 1177 est.

134 1227 199 1277 30
225 1212 557 1288 praefectus
628 1212 754 1272 alae
825 1212 1191 1272 Batavorum
1266 1212 1552 1272 Claudius
1623 1212 1838 1287 Labeo,
1929 1234 2031 1292 op-

223 1308 445 1384 pidano
488 1309 811 1369 certamine
867 1310 1136 1370 aemulus
1179 1310 1377 1384 Civili,
1424 1330 1499 1369 ne
1540 1311 1891 1371 interfectus
1939 1312 2029 1371 in-

221 1405 447 1465 vidiam
503 1405 666 1484 apud
718 1406 1035 1485 populares
1091 1408 1203 1479 vel,
1263 1408 1314 1467 si
1367 1407 1745 1480 retineretur,
1798 1408 2028 1469 semina

221 1502 550 1562 discordiae
577 1505 909 1581 praeberet,
938 1505 999 1564 in
1032 1505 1256 1564 Frisios
1283 1505 1575 1565 avehitur.

113 1611 192 1674 19
300 1600 469 1660 XIX.
525 1600 727 1661 Isdem
770 1601 981 1662 diebus
1022 1603 1389 1662 Batavorum
1433 1609 1495 1661 et
1537 1601 2023 1663 Canninefatium

218 1698 507 1771 cohortes,
540 1717 675 1756 cum
703 1698 871 1758 iussu
899 1699 1139 1759 Vitellii
1182 1699 1245 1758 in
1274 1699 1482 1758 urbem
1523 1706 1855 1777 pergerent,
1888 1700 2022 1758 mis-

272 1831 353 1870 77„
398 1830 618 1869 Batavian
658 1815 757 1856 sus
812 1817 848 1857 8
902 1795 1094 1857 Civile
1151 1796 1401 1856 nuntius
1457 1795 1820 1873 adsequitur.
1935 1796 2020 1855 in·

215 1880 617 1971 3*ωᾶωῇοῆΖῖ
658 1902 932 1954 tumuere
975 1895 1181 1954 statim
1236 1894 1513 1973 superbia
1567 1894 1902 1972 ferociaque
1958 1903 2019 1954 et

278 1982 459 2031 aviam,
652 1992 912 2070 pretium
1008 1991 1245 2051 itineris
1340 1991 1705 2063 donativum,
1791 1991 2019 2071 duplex

211 2091 597 2170 stipendium,
670 2089 873 2167 augeri
958 2089 1228 2166 equitum
1309 2107 1644 2158 numerum,
1727 2089 2018 2166 promissa

211 2208 351 2249 sane
413 2209 448 2248 a
502 2186 770 2259 Vitellio,
829 2185 1233 2262 postulabant,
1299 2205 1421 2246 non
1489 2192 1561 2245 ut
1628 2184 2017 2262 adsequeren-

209 2294 325 2358 tur,
371 2284 475 2346 sed
517 2303 754 2344 causam
811 2283 1107 2343 seditioni.
1226 2290 1287 2342 et
1340 2284 1586 2342 Flaccus
1642 2282 1835 2342 multa
1884 2303 2017 2343 con·

208 2382 473 2444 cedendo
509 2380 661 2440 nihil
704 2380 866 2440 aliud
911 2381 1202 2454 effecerat,
1247 2400 1427 2457 quam
1469 2386 1539 2438 ut
1579 2379 1771 2439 acrius
1812 2399 2016 2458 expos·

106 2512 166 2548 10
207 2486 410 2542 cerent
437 2498 590 2557 quae
609 2479 876 2538 sciebant
894 2486 1266 2555 negaturum.
1354 2484 1554 2554 spreto
1576 2475 1787 2535 Flacco
1816 2476 2015 2536 inferi-

204 2598 368 2638 orem
423 2576 807 2637 Germaniam
869 2574 1156 2652 petivere,
1214 2581 1286 2633 ut
1355 2573 1531 2633 Civili
1600 2574 2007 2652 iungerentur.

203 2674 587 2736 Hordeonius
635 2671 921 2732 adhibitis
970 2671 1231 2730 tribunis
1273 2671 1838 2747 centurionibusque
1878 2691 2012 2730 con-

201 2772 467 2844 sultavit,
500 2790 645 2829 num
674 2768 1023 2846 obsequium
1054 2768 1386 2827 abnuentes
1406 2767 1468 2826 vi
1491 2772 1787 2827 coerceret
1811 2790 1827 2841 3
1866 2788 2010 2827 mox

199 2872 382 2931 insita
426 2867 668 2949 ignavia
709 2873 772 2927 et
812 2865 1065 2944 trepidis
1119 2864 1429 2938 ministris,
1487 2884 1637 2942 quos
1692 2864 2009 2943 ambiguus

98 2996 155 3049 15
198 2968 559 3029 auxiliorum
586 2965 822 3024 animus
851 2970 915 3024 et
942 2962 1142 3022 subito
1171 2962 1394 3022 dilectu
1414 2960 1723 3040 suppletae
1745 2961 2009 3041 legiones

198 3068 514 3145 angebant,
547 3062 764 3123 statuit
793 3061 1096 3121 continere
1125 3060 1286 3119 intra
1314 3066 1506 3119 castra
1532 3058 1822 3119 militem:
1864 3059 2006 3120 dein

195 3162 565 3243 paenitentia
607 3168 669 3221 et
708 3158 1098 3239 arguentibus
1139 3157 1298 3236 ipsis,
1345 3158 1449 3235 qui
1491 3163 1815 3231 suaserant,
1856 3165 2006 3217 tam-

193 3279 373 3337 quam
442 3266 749 3317 secuturus
819 3256 1056 3333 scripsit
1125 3254 1434 3315 Herennio
1504 3254 1680 3315 Gallo
1749 3254 2002 3334 legionis

192 3354 419 3431 primae
487 3353 703 3427 legato,
760 3351 863 3426 qui
918 3350 1192 3408 Bonnam
1248 3349 1575 3423 obtinebat,
1635 3357 1704 3409 ut
1774 3359 2004 3412 arceret
