2261 3684
646 265 1100 329 HISTORIAR
1114 265 1243 328 ΠΜ
1279 263 1434 325 LIB.
1482 261 1590 325 IV.
1947 265 2024 323 ⁷3

221 430 482 490 transitu
539 429 838 490 Batavos:
909 449 970 488 se
1040 448 1176 488 cum
1244 427 1508 487 exercitu
1572 425 1756 505 tergis
1824 444 2029 485 eorum
2055 437 2120 474 20

222 527 560 587 haesurum.
648 535 712 588 et
738 526 1002 606 opprimi
1033 531 1327 604 poterant,
1359 524 1410 584 si
1450 523 1589 583 hinc
1630 521 2029 595 Hordeonius,

221 624 367 684 inde
396 624 623 699 Gallus,
655 625 834 684 motis
863 624 1166 701 utrimque
1188 621 1388 700 copiis,
1415 620 1642 681 medios
1663 619 2027 681 clausissent.

223 721 474 782 Flaccus
542 722 745 781 omisit
811 722 1118 798 inceptum
1188 719 1437 797 aliisque
1505 717 1724 779 litteris
1792 716 2032 777 Gallum

226 819 483 893 monuit,
525 839 602 878 ne
643 825 896 878 terreret
936 818 1264 877 abeuntes:
1323 815 1483 876 unde
1525 814 1779 894 suspicio
1821 820 2034 893 sponte

227 914 568 994 legatorum
597 916 845 976 excitari
870 915 1094 976 bellum
1124 920 1472 992 cunctaque,
1506 933 1655 992 quae
1698 913 2035 973 acciderant
2063 921 2124 975 25

230 1020 341 1072 aut
380 1013 821 1087 metuebantur,
863 1032 984 1072 non
1027 1012 1247 1072 inertia
1287 1010 1498 1071 militis
1540 1030 1731 1088 neque
1771 1011 2037 1071 hostium

229 1111 313 1184 vi,
345 1111 451 1170 sed
477 1111 687 1170 fraude
717 1110 933 1170 ducum
963 1110 1217 1170 evenire.

319 1207 456 1267 XX.
491 1207 704 1267 Batavi
726 1227 861 1267 cum
879 1207 1086 1266 castris
1107 1206 1528 1267 Bonnensibus
1547 1206 2036 1284 propinquarent,
2063 1197 2145 1262 20

234 1305 595 1384 praemisere
637 1303 742 1382 qui
785 1303 1093 1363 Herennio
1136 1302 1313 1363 Gallo
1367 1302 1652 1362 mandata
1707 1303 2040 1364 cohortium

235 1409 579 1480 exponeret.
666 1400 899 1460 nullum
922 1400 1035 1460 sibi
1064 1398 1288 1460 bellum
1317 1398 1601 1459 adversus
1643 1444 1734 1482 m,
1768 1445 1884 1491 force
1935 1442 2044 1483 Μ,

238 1501 564 1571 Romanos,
594 1517 704 1576 pro
747 1497 964 1576 quibus
993 1497 1214 1557 totiens
1244 1496 1565 1557 bellassent
1591 1520 1604 1557 ι
1645 1504 1740 1543 '⁰⁶³'
1756 1498 1799 1533 ‘⁰
1815 1494 1973 1534 ⁰⁶⁹⁵&

236 1597 420 1674 longa
472 1603 652 1674 atque
719 1594 892 1655 irrita
959 1594 1175 1653 militia
1214 1593 1384 1654 fessis
1438 1594 1666 1672 patriae
1714 1601 1894 1671 atque
1935 1594 2043 1655 otii
2072 1610 2099 1664 5

239 1693 580 1771 cupidinem
624 1712 767 1753 esse.
854 1692 906 1751 si
960 1711 1137 1752 nemo
1179 1691 1512 1765 obsisteret,
1562 1691 1877 1751 innoxium
1930 1693 2047 1752 iter

240 1791 413 1852 fore:
481 1789 574 1850 sin
630 1809 796 1850 arma
832 1794 1181 1862 occurrant,
1237 1789 1394 1848 ferro
1463 1787 1622 1848 viam
1676 1788 2041 1851 inventuros.

243 1895 628 1948 cunctantem
689 1886 954 1966 legatum
1009 1886 1232 1946 milites
1287 1885 1685 1965 perpulerant,
1744 1888 2047 1947 fortunam

244 1985 457 2064 proelii
478 1985 862 2062 experiretur.
938 1984 1055 2044 tria
1082 1983 1248 2043 milia
1268 1982 1731 2062 legionariorum
1751 1993 1814 2045 et
1834 1985 2051 2045 tumul-

245 2083 478 2143 tuariae
497 2082 819 2161 Belgarum
847 2069 1140 2153 cohortes,
1172 2080 1349 2140 simul
1378 2100 1742 2159 paganorum
1771 2081 2052 2143 lixarum-
2081 2102 2140 2138 10

247 2200 365 2259 que
406 2180 639 2258 ignava,
672 2179 778 2239 sed
819 2199 1040 2257 procax
1081 2185 1223 2238 ante
1265 2178 1592 2257 periculum
1629 2199 1840 2239 manus
1870 2181 2054 2241 omni-

248 2279 362 2338 bus
403 2277 593 2355 portis
634 2282 1052 2355 prorumpunt,
1097 2282 1169 2333 ut
1208 2273 1470 2334 Batavos
1513 2294 1762 2335 numero
1816 2277 2053 2355 inpares

251 2373 750 2434 circumfundant.
834 2371 924 2432 illi
973 2378 1207 2431 veteres
1255 2372 1504 2432 militiae
1552 2373 1617 2431 in
1666 2393 1882 2435 cuneos
1923 2396 2054 2436 con-

251 2478 594 2551 gregantur,
619 2470 791 2530 densi
816 2469 1084 2547 undique
1113 2476 1176 2529 et
1202 2469 1462 2529 frontem
1491 2476 1777 2548 tergaque
1804 2492 1871 2531 ac
1898 2472 2056 2533 latus

254 2569 375 2629 tuti
398 2591 416 2643 3
498 2568 582 2627 sic
649 2575 896 2627 tenuem
970 2573 1312 2626 nostrorum
1395 2567 1580 2626 aciem
1661 2568 2052 2648 perfringunt.
2089 2586 2146 2640 15

255 2665 609 2726 cedentibus
651 2663 852 2743 Belgis
894 2661 1139 2741 pellitur
1177 2662 1350 2741 legi0,
1382 2670 1445 2723 et
1475 2663 1701 2724 vallum
1741 2673 2060 2746 portasque

258 2763 482 2841 trepidi
525 2762 827 2840 petebant.
943 2761 1028 2820 ibi
1069 2760 1398 2839 plurimum
1440 2760 1663 2823 cladis:
1727 2759 2062 2826 cumulatae

258 2860 610 2939 corporibus
649 2859 857 2931 fossae,
911 2877 1020 2917 nec
1076 2857 1254 2917 caede
1298 2865 1538 2918 tantum
1586 2866 1649 2920 et
1702 2860 2062 2936 vulneribus,
2122 2880 2135 2884 ·

259 2957 368 3019 sed
407 2956 586 3016 ruina
627 2962 689 3015 et
729 2955 854 3014 suis
900 2954 1170 3032 plerique
1225 2954 1362 3014 telis
1411 2955 1707 3018 interiere.
1812 2958 2065 3019 victores

261 3054 496 3117 colonia
523 3052 1054 3131 Agrippinensium
1082 3051 1290 3125 vitata,
1327 3052 1479 3111 nihil
1512 3061 1708 3113 cetero
1747 3055 1811 3114 in
1853 3056 2067 3117 itinere
2094 3079 2158 3114 20

261 3151 485 3213 hostile
514 3150 658 3222 ausi,
684 3150 999 3209 Bonnense
1027 3147 1323 3225 proelium
1351 3150 1731 3225 excusabant,
1764 3157 2070 3231 tamquam

261 3251 461 3331 petita
514 3268 673 3327 pace,
719 3254 1039 3325 postquam
1094 3246 1441 3324 negabatur,
1486 3247 1726 3308 sibimet
1778 3249 1894 3328 ipsi
1941 3271 2075 3311 con-

264 3348 608 3410 suluissent.
