2261 3684
587 176 1039 285 HISToRIAR
1053 225 1183 284 ΠΜ
1221 225 1310 284 LI
1311 226 1375 284 Β.
1422 225 1542 285 III.
1888 228 1962 283 49

170 394 504 448 reservata:
573 386 761 464 pulsis
803 386 1039 465 regibus
1083 386 1373 447 Horatius
1414 386 1708 446 Pulvillus
1749 387 1968 446 iterum

169 485 374 544 consul
430 484 734 544 dedicavit
781 503 851 544 ea
905 484 1364 562 magnificentia,
1409 504 1587 562 quam
1645 485 1968 544 immensae

165 589 374 659 postea
429 581 637 661 populi
692 580 950 641 Romani
1002 600 1145 660 opes
1200 588 1482 641 ornarent
1535 582 1735 659 potius
1789 601 1965 660 quam
1996 602 2059 638 20

165 686 472 758 augerent.
559 679 750 738 isdem
780 698 981 737 rursus
1011 678 1279 757 vestigiis
1308 678 1491 738 situm
1514 686 1620 751 est,
1650 686 1967 756 postquam

163 775 484 837 interiecto
508 775 1081 855 quadringentorum
1104 775 1449 853 quindecim
1469 795 1761 836 annorum
1777 777 1970 854 spatio

159 873 228 934 L.
252 873 537 951 Scipione
560 873 626 933 O.
647 872 931 933 Norbano
954 871 1294 932 consulibus
1314 873 1681 951 flagraverat.
1770 893 1970 933 curam

158 971 364 1032 victor
407 970 571 1030 Sulla
626 970 904 1048 suscepit,
948 989 1143 1048 neque
1202 976 1404 1030 tamen
1463 970 1801 1031 dedicavit:
1859 971 1971 1031 hoc

159 1069 366 1129 solum
394 1067 671 1128 felicitati
698 1067 826 1127 eius
853 1074 1159 1146 negatum.
1240 1066 1471 1127 Lutatii
1514 1068 1712 1128 Catuli
1754 1087 1969 1128 nomen
1998 1088 2060 1140 25

158 1167 332 1227 inter
360 1171 531 1225 tanta
552 1165 873 1226 Caesarum
894 1184 1075 1243 opera
1096 1183 1285 1243 usque
1304 1164 1380 1224 ad
1401 1164 1716 1225 Vitellium
1734 1164 1969 1225 mansit.

160 1285 234 1324 ea
263 1271 414 1323 tunc
442 1263 619 1323 aedes
640 1262 1028 1322 cremabatur.

249 1358 545 1422 LXXIII.
603 1359 724 1419 Sed
753 1358 888 1437 plus
929 1358 1169 1437 pavoris
1198 1358 1451 1419 obsessis
1480 1379 1658 1437 quam
1689 1360 1980 1420 obsessor·
2001 1356 2081 1421 73

158 1459 308 1518 ibus
365 1455 590 1516 intulit.
683 1456 905 1534 quippe
963 1455 1325 1515 Vitellianus
1380 1456 1550 1516 miles
1604 1476 1798 1535 neque
1841 1465 1973 1516 astu

160 1572 369 1631 neque
412 1550 748 1611 constantia
788 1551 948 1611 inter
989 1551 1172 1610 dubia
1214 1551 1557 1629 indigebat:
1618 1572 1693 1612 ex
1742 1552 1975 1613 diverso

162 1649 396 1728 trepidi
425 1648 664 1723 milites,
696 1648 821 1708 dux
850 1648 1049 1728 segnis
1078 1655 1142 1708 et
1179 1648 1348 1709 velut
1385 1657 1595 1728 captus
1633 1650 1816 1710 animi
1853 1671 1975 1711 non

164 1748 395 1826 lingua,
427 1766 549 1807 non
578 1746 823 1807 auribus
852 1753 1206 1825 competere,
1248 1766 1443 1824 neque
1481 1747 1690 1807 alienis
1718 1749 1975 1809 consiliis
2002 1769 2029 1821 5

166 1845 300 1924 regi
329 1864 525 1922 neque
553 1864 661 1904 sua
693 1844 991 1923 expedire,
1022 1844 1139 1904 huc
1180 1844 1323 1904 illuc
1364 1845 1537 1904 clam·
1626 1888 1733 1928 Fau
1782 1890 1832 1937 os
1873 1886 1976 1928 Sab-

169 1942 377 2003 oribus
414 1941 681 2001 hostium
722 1941 1058 2019 circumagi,
1091 1961 1244 2019 quae
1286 1941 1539 2002 iusserat
1579 1937 1694 1978 “⁷²¹⁴‘’
1716 1938 1949 1979 mames.

116 2099 119 2100 γ
170 2046 396 2113 vetare,
442 2057 592 2115 quae
634 2043 907 2098 vetuerat
949 2037 1184 2098 iubere:
1231 2058 1388 2112 mox,
1420 2039 1581 2117 quod
1623 2039 1688 2098 in
1728 2040 1978 2119 perditis

171 2137 353 2196 rebus
430 2134 661 2209 accidit,
735 2154 940 2195 omnes
1009 2136 1365 2213 praecipere,
1437 2157 1613 2197 nemo
1695 2138 1979 2215 exsequi3

172 2240 479 2312 postremo
547 2232 792 2293 abiectis
862 2232 1040 2292 armis
1108 2233 1313 2312 fugam
1382 2240 1444 2293 et
1510 2234 1756 2294 fallendi
1822 2242 1980 2294 artes
2010 2258 2071 2294 10

175 2330 766 2409 circumspectabant.
879 2329 1235 2409 inrumpunt
1291 2330 1599 2391 Vitelliani
1654 2339 1717 2392 et
1770 2341 1980 2392 cuncta

174 2428 467 2507 sanguine
494 2427 650 2487 ferro
678 2426 1049 2505 flammisque
1077 2427 1345 2487 miscent.
1430 2430 1605 2506 pauci
1632 2429 1980 2490 militarium

174 2525 462 2597 virorum,
532 2524 692 2584 inter
771 2544 919 2602 quos
1002 2525 1262 2585 maxime
1336 2525 1598 2605 insignes
1668 2526 1980 2588 Cornelius

174 2622 494 2696 MartialiS,
590 2621 884 2682 Aemilius
980 2622 1277 2695 Pacensis,
1363 2623 1677 2702 Casperius
1773 2625 1976 2705 Niger,

173 2720 397 2782 Didius
426 2719 664 2793 Scaeva,
694 2739 962 2798 pugnam
1001 2720 1129 2779 ausi
1172 2719 1621 2781 obtruncantur.
1705 2722 1977 2782 Flavium
2013 2745 2067 2796 15

174 2818 472 2879 Sabinum
539 2818 829 2896 inermem
894 2836 1087 2894 neque
1164 2817 1366 2895 fugam
1431 2826 1809 2896 coeptantem
1879 2821 1982 2880 cir-

172 2914 555 2989 cumsistunt,
608 2922 670 2974 et
726 2912 1042 2987 Quintium
1090 2914 1362 2974 Atticum
1404 2916 1721 2990 consulem,
1773 2917 1983 2978 umbra

171 3011 425 3074 honoris
453 3017 514 3071 et
551 3018 784 3071 suamet
827 3011 1096 3071 vanitate
1139 3018 1553 3085 monstratum,
1585 3013 1747 3090 quod
1789 3014 1983 3076 edicta

171 3110 240 3171 in
269 3109 560 3189 populum
587 3128 696 3187 pro
717 3107 1085 3186 Vespasiano
1113 3110 1442 3187 magnifica,
1467 3111 1753 3189 probrosa
1780 3111 1983 3173 adver-

172 3229 279 3270 sus
308 3207 629 3269 Vitellium
656 3207 892 3267 iecerat.
979 3206 1162 3265 ceteri
1191 3225 1297 3283 per
1338 3208 1534 3265 varios
1571 3226 1738 3265 casus
1777 3209 1978 3286 elapsi,
2008 3228 2071 3267 20

173 3305 429 3386 quidam
462 3304 667 3364 servili
707 3303 938 3377 habitu,
969 3301 1072 3361 alii
1112 3301 1232 3361 fide
1274 3300 1585 3360 clientium
1625 3304 1881 3379 protecti
1922 3312 1984 3366 et

1063 3442 1098 3481 D
