2261 3684
653 266 1248 328 HISTORIARUM
1283 267 1440 329 LIB.
1489 269 1598 329 IV.
1956 272 2033 331 69

225 427 684 507 expeditionum
754 428 1084 489 ludibrium
1138 429 1363 507 inpune
1419 437 1740 507 spreverat.
1852 430 2039 510 igitur

224 524 360 602 ipso
412 524 652 585 rebellis
705 525 964 586 familiae
1033 526 1276 586 nomine
1343 526 1569 604 placuit
1622 527 2037 607 inpositusque

226 628 400 681 scuto
440 642 605 683 more
647 622 843 701 gentis
901 629 963 683 et
1006 623 1437 689 sustinentium
1493 624 1715 684 umeris
1764 625 2037 686 vibratus

228 719 357 779 dux
385 718 684 799 deligitur.
756 720 1082 798 statimque
1110 721 1313 781 accitis
1340 720 1547 780 Frisiis
1576 721 2038 801 (transrhenana

227 837 377 895 gens
405 819 522 893 est)
552 816 804 876 duarum
848 817 1181 877 cohortium
1210 817 1460 878 hiberna
1496 819 1771 896 proxima
1798 839 2039 898 occupa-
2084 836 2142 890 15

227 921 363 974 tum
421 914 658 974 Oceano
713 914 1020 993 inrumpit.
1134 935 1244 974 nec
1297 915 1689 993 providerant
1741 917 2036 996 impetum

226 1011 496 1072 hostium
538 1011 778 1085 milites,
809 1031 933 1087 nec,
966 1012 1016 1072 si
1057 1011 1479 1089 providissent,
1511 1013 1657 1073 satis
1701 1013 1918 1074 virium
1960 1015 2037 1075 ad

227 1110 554 1169 arcendum
583 1115 737 1169 erat:
781 1115 954 1186 capta
994 1108 1181 1188 igitur
1221 1129 1287 1168 ac
1329 1109 1567 1188 direpta
1600 1118 1810 1171 castra.
1894 1112 2037 1173 dein

233 1227 416 1286 vagos
469 1215 532 1267 et
585 1206 745 1284 pacis
800 1205 981 1266 modo
1036 1207 1252 1266 effusos
1296 1205 1450 1267 lixas
1517 1209 2037 1287 negotiatoresque

228 1305 560 1389 Romanos·
617 1304 931 1364 invadunt.
1072 1304 1251 1364 simul
1334 1304 1583 1365 excidiis
1661 1306 2038 1367 castellorum
2080 1331 2146 1368 20

227 1402 646 1476 imminebant,
706 1420 858 1479 quae
919 1421 956 1460 a
1023 1401 1338 1479 praefectis
1394 1401 1727 1462 cohortium
1797 1404 2040 1465 incensa

227 1507 391 1573 sunt,
450 1500 592 1577 quia
646 1498 890 1558 defendi
945 1498 1292 1576 nequibant.
1381 1498 1551 1576 signa
1595 1499 1932 1580 vexillaque
1976 1510 2039 1563 et

226 1597 394 1676 quod
438 1596 699 1656 militum
742 1596 807 1655 in
849 1597 1215 1674 superiorem
1256 1595 1486 1656 insulae
1529 1604 1760 1673 partem
1803 1618 2040 1677 congre-

225 1702 466 1774 gantur,
498 1694 647 1753 duce
689 1692 936 1771 Aquilio
978 1692 1349 1770 primipilari,
1387 1712 1601 1753 nomen
1649 1694 1835 1773 magis
1877 1716 2040 1756 exer-

226 1792 384 1853 citus
413 1812 593 1871 quam
620 1791 803 1851 robur
830 1814 842 1852 :
885 1790 1106 1870 quippe
1136 1789 1362 1850 viribus
1391 1789 1732 1852 cohortium
1762 1792 2037 1855 abductis
2065 1811 2124 1866 25

226 1890 520 1951 Vitellius
590 1910 622 1949 e
690 1888 981 1967 proximis
1049 1887 1408 1948 Nerviorum
1484 1889 2037 1970 Germanorumque

226 1989 398 2067 pagis
426 2008 667 2066 segnem
694 2006 1012 2047 numerum
1040 1986 1222 2045 armis
1251 1993 1614 2046 oneraverat.

311 2085 475 2145 XVI.
524 2084 734 2145 Civilis
762 2083 901 2144 dolo
928 2082 1321 2162 grassandum
1347 2089 1513 2143 ratus
1552 2083 1851 2146 incusavit
1878 2085 2038 2148 ultro
2065 2085 2143 2148 16

227 2184 574 2263 praefectOS,
647 2181 809 2259 quod
876 2180 1117 2240 castella
1185 2179 1624 2240 deseruissent:
1708 2201 1835 2242 sese
1904 2204 2036 2244 cum

226 2280 489 2354 cohorte,
540 2279 635 2338 cui
676 2285 962 2356 praeerat,
1014 2277 1469 2337 Canninefatem
1517 2276 1845 2339 tumultum
1887 2301 2039 2343 com-

226 2396 590 2456 pressurum,
619 2375 709 2435 illi
752 2395 858 2434 sua
890 2374 1142 2452 quisque
1176 2374 1427 2433 hiberna
1467 2381 1818 2452 repeterent.
1905 2380 2038 2440 sub-

227 2494 358 2536 esse
404 2472 677 2533 fraudem
725 2470 972 2531 consilio
1021 2477 1083 2530 et
1130 2471 1427 2549 dispersas
1481 2470 1755 2533 cohortes
1802 2475 2037 2537 facilius
2064 2495 2091 2549 5

227 2572 505 2651 opprimi,
569 2590 678 2629 nec
747 2568 1118 2628 Brinnonem
1187 2568 1399 2627 ducem
1469 2567 1595 2628 eius
1725 2632 1735 2643 ,
1771 2630 1782 2641 ,

225 2669 388 2743 belli,
447 2667 553 2728 sed
624 2666 875 2728 Civilem
945 2685 1073 2725 esse
1133 2665 1350 2743 patuit,
1409 2683 1597 2724 erum-
1637 2632 2038 2772 ιεέιαέρίῗηαῖῂῖῗ

225 2767 511 2847 pentibus
565 2763 856 2843 paulatim
915 2761 1170 2836 indiciis,
1229 2780 1380 2839 quae
1450 2761 1596 2822 Ger·
1685 2744 1704 2772 ⁰
1788 2745 1872 2773 ‘m‘

224 2865 406 2937 mani,
457 2862 616 2922 laeta
654 2860 812 2922 bello
858 2880 1020 2939 gens,
1073 2878 1195 2919 non
1244 2858 1347 2917 diu
1390 2858 1846 2919 occultaverant.
1931 2858 2038 2919 ubi

225 2962 481 3023 insidiae
508 2979 720 3039 parum
750 2977 992 3031 cessere,
1036 2956 1114 3016 ad
1142 2956 1267 3016 vim
1309 2963 1714 3034 transgressus
1742 2954 2036 3017 Oannine·
2082 2981 2142 3017 10

223 3061 396 3134 fates‚
446 3057 671 3118 Frisios
720 3057 979 3116 Batavos
1017 3054 1274 3133 propriis
1317 3054 1519 3113 cuneis
1558 3053 1896 3131 componit:
1940 3054 2035 3115 de·

224 3165 389 3219 recta
430 3176 508 3216 ex
550 3154 788 3214 diverso
827 3153 982 3213 acies
1017 3151 1181 3211 haud
1218 3150 1428 3229 procul
1471 3171 1506 3210 a
1546 3150 1793 3210 flumine
1822 3152 2034 3213 Rheno

224 3263 286 3318 et
314 3253 583 3315 obversis
631 3252 694 3311 in
723 3251 960 3311 hostem
998 3248 1269 3323 navibuS,
1301 3268 1450 3326 quas
1492 3248 1750 3308 incensis
1779 3250 2033 3310 castellis

221 3353 365 3415 illuc
393 3350 769 3429 adpulerant.
857 3368 966 3408 nec
995 3347 1099 3406 diu
1132 3353 1358 3406 certato
1398 3346 1778 3425 Tungrorum
1824 3347 2034 3408 cohors
