2261 3684
228 244 341 302 100
763 240 1159 303 CORNELII
1198 242 1302 302 ΤΑ
1312 243 1483 303 CITI

221 405 552 464 Romanam
590 411 1005 477 retracturum,
1038 411 1280 482 accepta
1317 403 1590 482 peditum
1633 406 2035 484 equitumque

220 503 453 563 modica
479 523 662 563 manu
689 502 844 561 nihil
873 501 1034 580 apud
1062 501 1324 562 Batavos
1351 522 1530 561 ausus
1560 503 1849 581 quosdam
1880 504 2033 563 Ner-

219 608 452 667 viorum
470 607 998 685 Baetasiorumque
1020 606 1086 665 in
1107 626 1275 666 arma
1296 607 1502 681 traxit,
1523 614 1585 666 et
1605 607 1812 666 furtim
1832 609 2031 687 magis

219 725 398 783 quam
426 704 583 765 bello
614 703 1036 764 Canninefates
1058 703 1480 781 Marsacosque
1502 703 1858 765 incursabat.

112 803 193 867 57
297 809 489 870 LVII.
556 809 786 869 Vocula
815 809 1125 869 Gallorum
1159 808 1368 868 fraude
1400 808 1655 868 inlectus
1685 809 1759 868 ad
1790 810 2028 870 hostem

216 907 529 968 contendit
555 929 569 979 3
609 926 718 965 nec
747 905 952 985 procul
973 906 1297 965 Veteribus
1319 906 1540 979 aberat,
1567 926 1703 966 cum
1728 906 2028 968 Classicus

216 1026 283 1065 ac
311 1005 505 1064 Tutor
530 1023 638 1082 per
666 1002 922 1081 speciem
950 1002 1305 1081 explorandi
1332 1003 1662 1082 praegressi
1690 1024 1826 1064 cum
1864 1004 2026 1064 duci-

214 1103 326 1163 bus
369 1102 805 1162 Germanorum
847 1108 1021 1179 pacta
1056 1101 1380 1160 firmavere.
1467 1107 1717 1180 tumque
1760 1101 2023 1179 primum

159 1213 187 1266 5
238 1261 298 1300 ffl
315 1259 614 1300 &ubam
656 1197 897 1257 discreti
927 1218 962 1257 a
988 1197 1324 1276 legionibus
1358 1198 1601 1276 proprio
1627 1198 1787 1258 vallo
1829 1206 2025 1259 castra

213 1311 264 1358 by
331 1311 462 1369 quator
521 1311 614 1349 ana
654 1314 760 1354 sua
802 1295 1193 1368 circumdant,
1241 1295 1583 1354 obtestante
1625 1295 1855 1355 Vocula
1900 1316 2024 1356 non

214 1361 421 1399 mm
654 1391 803 1451 adeo
881 1391 1189 1451 turbatam
1264 1390 1539 1450 civilibus
1623 1392 1804 1451 armis
1893 1412 2022 1452 rem

210 1486 560 1560 Romanam,
627 1496 700 1548 ut
754 1487 1028 1548 Treveris
1089 1487 1275 1547 etiam
1341 1486 1832 1565 Lingonibusque
1894 1487 2024 1548 des-

209 1583 408 1661 pectui
448 1584 542 1643 sit.
630 1604 934 1663 superesse
977 1584 1127 1644 fidas
1172 1583 1523 1662 provinciaS,
1557 1583 1813 1643 victores
1856 1605 2024 1645 exer-

127 1701 185 1736 10
207 1680 378 1753 cituS,
436 1680 741 1741 fortunam
797 1681 1032 1759 imperii
1088 1688 1150 1741 et
1194 1681 1418 1741 ultores
1467 1681 1624 1741 deos.
1734 1682 1817 1741 sic
1875 1683 2021 1743 olim

210 1777 589 1837 Sacrovirum
646 1786 709 1839 et
762 1778 1025 1850 AeduOS,
1070 1798 1263 1857 nuper
1304 1778 1626 1837 Vindicem
1672 1778 2021 1860 Galliasque

207 1875 456 1954 singulis
510 1877 751 1954 proeliis
801 1876 1145 1937 concidisse.
1233 1877 1438 1936 eadem
1495 1896 1700 1936 rursus
1747 1880 2017 1955 numina,

206 1972 415 2033 eadem
455 1973 580 2033 fata
619 1982 893 2052 ruptores
933 1974 1245 2034 foederum
1293 1979 1696 2051 expectarent.
1799 1975 2019 2035 melius

57 2130 62 2135 ,
205 2068 347 2129 divo
403 2069 556 2130 Iulio
613 2069 873 2149 divoque
929 2071 1208 2149 Augusto
1263 2077 1439 2130 notos
1495 2089 1706 2130 eorum
1749 2071 2016 2133 animos:

123 2180 180 2233 15
205 2166 461 2227 Galbam
491 2173 553 2227 et
579 2167 834 2228 infracta
871 2167 1102 2227 tributa
1145 2166 1395 2226 hostiles
1438 2166 1687 2243 spiritus
1728 2166 2011 2229 induisse.

204 2282 363 2322 nunc
391 2262 610 2336 hostes,
642 2265 784 2341 quia
811 2264 990 2324 molle
1012 2264 1325 2324 servitium
1349 2287 1366 2339 3
1408 2283 1541 2323 cum
1563 2262 1803 2341 spoliati
1825 2266 2020 2325 exuti-

203 2380 319 2438 que
375 2360 615 2433 fuerint,
676 2362 893 2421 amicos
948 2362 1090 2421 fore.
1204 2361 1353 2421 haec
1408 2360 1687 2420 ferociter
1756 2360 2013 2437 locutus,

200 2464 520 2535 postquam
548 2465 813 2535 perstare
842 2458 905 2517 in
940 2458 1195 2535 perfidia
1233 2456 1561 2517 Classicum
1604 2455 2017 2536 Tutoremque

204 2554 385 2627 videt,
420 2575 590 2615 verso
618 2555 837 2614 itinere
866 2554 1234 2614 Novaesium
1272 2553 1586 2613 concedit:
1631 2552 1790 2612 Galli
1824 2553 2016 2615 duum

114 2665 177 2701 20
202 2650 437 2711 milium
486 2652 679 2729 spatio
735 2651 1102 2711 distantibus
1159 2650 1380 2728 campis
1431 2649 1764 2710 consedere.
1871 2651 2014 2711 illuc

203 2749 665 2809 commeantium
734 2748 1153 2808 centurionum
1222 2747 1602 2824 militumque
1659 2747 2016 2807 emebantur

202 2847 403 2918 animi,
435 2854 506 2906 ut
535 2846 856 2925 (flagitium
884 2845 1257 2923 incognitum
1296 2843 1550 2902 Romani
1589 2844 1914 2921 exercitus)
1948 2844 2013 2903 in

202 2988 294 3027 and
328 2988 379 3036 by
409 2987 476 3027 hi,
510 2996 605 3026 oum
647 2950 897 3003 externa
935 2943 1116 3002 verba
1158 2942 1428 3000 iurarent
1476 2941 1809 3019 pignusque
1854 2943 2012 3000 tanti

202 3039 367 3086 offlam.
646 3039 881 3100 sceleris
951 3059 1092 3098 nece
1172 3045 1277 3097 aut
1350 3037 1606 3097 vinculis
1675 3037 2012 3116 legatorum

111 3147 172 3200 25
203 3136 459 3195 daretur.
548 3136 792 3206 Vocula,
833 3154 1198 3213 quamquam
1236 3133 1504 3211 plerique
1559 3134 1763 3211 fugam
1806 3135 2011 3194 suade·

200 3234 363 3300 bant,
397 3230 740 3290 audendum
768 3239 933 3290 ratus
957 3237 1168 3290 vocata
1195 3230 1471 3289 contione
1490 3229 1556 3288 in
1576 3230 1737 3289 hunc
1760 3230 2009 3290 modum

202 3325 484 3383 disseruit
508 3348 522 3385 τ
