2261 3684
701 200 1154 264 HISTORIAR
1167 202 1295 264 UM
1330 204 1483 264 LIB.
1541 202 1604 263 V.
1943 207 2052 264 137

258 364 662 442 tripudiisque
726 364 836 442 (ita
894 363 1013 423 illis
1075 367 1227 442 mos)
1286 364 1614 442 adprobata
1675 373 1818 424 sunt
1879 364 2055 438 dicta,

256 461 423 520 saxis
495 461 933 539 glandibusque
992 468 1053 520 et
1110 462 1321 520 ceteris
1383 462 1705 521 missilibus
1766 462 2059 539 proelium

255 557 563 637 incipitur,
614 579 807 637 neque
856 566 1061 619 nostro
1109 558 1304 619 milite
1351 559 1631 636 paludem
1685 560 2057 638 ingrediente

257 664 322 715 et
351 656 681 730 GermaniS,
713 665 783 716 ut
811 657 1109 727 elicerent,
1141 656 1578 716 lacessentibus

339 754 573 814 XVIII.
619 754 974 832 Absumptis
1031 773 1183 831 quae
1238 754 1535 813 iaciuntur
1590 761 1650 813 et
1714 746 2056 815 ardescente
2082 749 2159 813 18

255 870 461 928 pugna
508 871 857 930 procursum
907 852 982 911 ab
1028 851 1200 910 hoste
1250 851 1562 911 infestius:
1603 852 1888 911 inmensis
1939 873 2057 913 cor-

253 948 499 1024 poribus
549 956 611 1007 et
652 947 988 1026 praelongis
1029 947 1220 1007 hastis
1258 948 1594 1007 fluitantem
1638 948 2056 1028 labantemque

253 1045 509 1105 militem
549 1047 779 1105 eminus
808 1045 1155 1120 fodiebant3
1198 1045 1375 1105 simul
1406 1066 1437 1105 e
1465 1045 1638 1119 mole,
1671 1067 1846 1124 quam
1887 1048 2055 1107 educ-

253 1150 382 1202 tam
442 1143 506 1202 in
574 1144 855 1203 Rhenum
923 1142 1280 1216 rettulimUS‚
1354 1143 1774 1203 Bructerorum
1832 1165 2054 1205 cuneus
2081 1160 2108 1214 5

252 1240 597 1300 tranatavit.
684 1242 927 1299 turbata.
981 1239 1063 1299 ibi
1120 1259 1214 1299 res
1271 1247 1332 1299 et
1386 1240 1718 1319 pellebatur
1764 1243 2052 1303 sociarum

253 1337 588 1398 cohortium
631 1339 800 1410 acies,
845 1358 979 1397 cum
1035 1338 1294 1416 legiones
1350 1358 1607 1416 pugnam
1709 1382 1788 1421 The
1851 1382 2052 1422 omnam

252 1435 561 1512 excipiunt
606 1454 1034 1512 suppressaque
1078 1433 1341 1493 hostium
1389 1435 1609 1493 ferocia
1650 1431 1812 1472 mmd-

251 1532 543 1609 proelium
584 1538 888 1609 aequatur.
966 1530 1125 1589 inter
1153 1550 1304 1608 quae
1332 1530 1581 1608 perfuga
1608 1530 1872 1590 Batavus
1901 1531 2052 1591 adiit

251 1628 560 1700 Cerialem,
584 1636 753 1706 terga
771 1627 1034 1686 hostium
1056 1627 1431 1705 promitten8‚
1457 1628 1505 1686 si
1529 1635 1796 1688 extremo
1817 1628 2050 1707 paludis
2083 1644 2142 1680 10

251 1746 429 1803 eques
461 1725 906 1784 inmitteretur:
950 1723 1207 1784 solidum
1234 1724 1338 1784 illa
1367 1732 1428 1784 et
1468 1725 1788 1802 CugernOS,
1834 1727 2050 1804 quibus

250 1823 519 1883 custodia
550 1822 907 1894 obvenisset,
937 1841 1149 1901 parum
1190 1821 1471 1882 intentos,
1557 1822 1710 1883 duae
1748 1823 1874 1883 alae
1916 1845 2049 1883 cum

248 1920 497 2000 perfuga
536 1920 748 1980 missae
775 1919 1016 1979 incauto
1043 1918 1206 1978 hosti
1233 1918 1798 1980 circumfunduntur.
1887 1922 2049 1999 quod

245 2018 353 2078 ubi
379 2018 635 2078 clamore
656 2017 977 2095 cognitum,
1009 2016 1270 2094 legiones
1292 2036 1327 2074 a
1347 2016 1543 2076 fronte
1564 2018 1899 2090 incubuere,
1926 2019 2051 2096 pul-

247 2117 416 2194 sique
464 2114 747 2175 Germani
791 2114 1068 2173 Rhenum
1110 2114 1253 2190 fuga
1292 2114 1595 2190 petebant.
1683 2114 2046 2176 debellatum
2096 2130 2152 2181 15

246 2234 316 2274 eo
362 2212 460 2272 die
500 2212 671 2284 foret,
703 2212 753 2270 si
785 2210 1052 2270 Romana
1088 2209 1289 2269 elassis
1331 2210 1496 2287 sequi
1531 2218 1929 2272 maturasset:
1971 2234 2047 2273 ne

246 2331 428 2390 eques
470 2310 712 2388 quidem
754 2307 993 2381 institit,
1026 2313 1273 2385 repente
1309 2306 1456 2366 fusis
1484 2307 1774 2368 imbribus
1817 2318 1878 2369 et
1917 2331 2047 2389 pro·

242 2410 474 2489 pinqua
499 2415 690 2467 nocte.

327 2506 503 2565 XIX.
545 2504 794 2562 Postera
815 2501 911 2561 die
933 2500 1398 2580 quartadecuma
1418 2501 1573 2578 legio
1596 2502 1659 2560 in
1683 2503 2043 2581 superiorem
2073 2504 2152 2568 19

245 2601 612 2682 provinciam
658 2598 834 2659 Gallo
888 2598 1091 2657 Annio
1143 2598 1360 2657 missa:
1418 2598 1666 2658 Cerialis
1716 2602 2043 2663 exereitum

242 2700 493 2760 decuma
534 2719 610 2758 ex
652 2692 950 2774 Hispania
986 2694 1140 2774 legio
1183 2694 1522 2773 supplevit:
1563 2696 1743 2756 Civili
1785 2699 2043 2762 Chauco-

242 2818 376 2857 rum
406 2795 630 2856 auxilia
657 2813 888 2853 venere.
963 2812 1085 2851 non
1115 2800 1316 2851 tamen
1347 2812 1524 2851 ausus
1553 2794 1841 2871 oppidum
1871 2796 2043 2858 Bata-

240 2915 456 2955 vorum
498 2892 677 2953 armis
719 2890 891 2961 tueri,
922 2890 1109 2967 raptis
1139 2909 1292 2967 quae
1330 2889 1472 2949 ferri
1503 2897 1798 2967 poterant,
1833 2897 2042 2957 ceteris
2072 2916 2099 2970 5

239 2991 462 3051 iniecto
557 2987 698 3067 igni,
790 2987 853 3046 in
949 2985 1200 3045 insulam
1296 2987 1598 3060 concessit,
1695 3050 1953 3090 mmmm
1992 3052 2001 3063 ‚

239 3108 458 3168 gnarus
520 3086 720 3145 deesse
784 3104 967 3143 naves
1037 3082 1342 3145 efficiendo
1412 3084 1596 3161 ponti,
1643 3100 1709 3139 the
1738 3101 1887 3140 imula
1914 3063 2043 3142 3Ξῖιῖ

238 3206 432 3263 neque
462 3183 790 3244 exercitum
820 3182 1155 3241 Romanum
1201 3179 1375 3240 aliter
1415 3188 1602 3240 trans-
1643 3162 1803 3190 ‘mum'

237 3284 596 3344 missurum:
670 3279 814 3357 quin
885 3285 947 3338 et
1015 3277 1202 3336 diruit
1261 3277 1479 3335 molem
1541 3297 1576 3336 a.
1643 3278 1834 3335 Druso
1899 3278 2040 3336 Ger-
