2261 3684
248 259 322 317 94
788 264 1183 326 CORNELII
1221 265 1329 326 TA
1339 266 1425 327 01
1424 267 1508 327 TI

195 449 220 501 ς
252 422 401 479 tanti
474 423 779 495 restiterit,
851 425 1165 500 incertum,
1224 427 1504 505 quoniam
1563 436 1789 489 secreto
1846 449 2056 490 eorum

250 538 424 579 nemo
466 520 678 594 adfuit,
727 529 788 581 et
838 523 1027 583 occiso
1081 523 1300 584 Pisone
1348 525 1616 604 plerique
1664 527 1740 586 ad
1795 528 2056 606 gratiam

249 617 647 678 interfectoris
675 618 1050 679 inclinavere.
1167 641 1276 680 nec
1318 622 1644 700 ambigitur
1682 623 2051 700 provinciam

247 721 309 773 et
349 715 604 775 militem
647 715 907 776 alienato
936 737 1076 795 erga
1103 717 1540 795 Vespasianum
1583 720 1781 780 animo
1823 720 2006 780 fuisse
2035 742 2054 795 3

247 820 309 871 et
370 812 616 891 quidam
672 834 704 874 e
761 813 1101 873 Vitellianis
1158 815 1304 875 urbe
1373 816 1609 894 profugi
1666 808 2053 876 ostentabant

167 939 222 976 ιο
246 909 450 968 Pisoni
479 917 762 970 nutantes
783 909 1025 985 Gallias,
1056 919 1328 989 paratam
1358 911 1758 984 Germaniam,
1790 914 2054 992 pericula

246 1005 432 1083 ipsius
473 1007 626 1066 etin
666 1027 810 1085 pace
838 1016 1112 1086 suspecto
1156 1009 1347 1068 tutius
1375 1009 1613 1069 bellum.
1701 1010 1861 1070 inter
1900 1030 2053 1089 quae

247 1102 533 1163 Claudius
577 1104 826 1182 Sagitta,
860 1105 1192 1182 praefectus
1235 1106 1363 1166 alae
1400 1106 1735 1178 Petrianae,
1767 1128 2054 1187 prospera

245 1200 629 1278 navigatione
647 1201 957 1277 praevenit
965 1201 1274 1279 Papirium
1293 1202 1704 1263 centurionem
1721 1224 1756 1263 a
1770 1204 2052 1264 Muciano

246 1297 509 1370 missum,
541 1297 1033 1376 adseveravitque
1064 1300 1348 1359 mandata
1374 1299 1770 1360 interficiendi
1814 1301 2051 1361 Pisonis

162 1430 217 1484 15
246 1395 581 1454 centurioni
624 1395 806 1455 data:
877 1396 1157 1456 cecidisse
1199 1396 1584 1457 Galerianum
1629 1399 2051 1458 consobrinum

246 1493 373 1552 eius
414 1512 818 1572 generumque
844 1516 860 1568 3
900 1513 1082 1552 unam
1110 1494 1174 1553 in
1216 1494 1464 1554 audacia
1491 1515 1657 1572 spem
1685 1495 1912 1570 salutiS,
1946 1495 2051 1556 sed

246 1590 366 1649 duo
420 1590 639 1648 itinera
701 1589 977 1663 audendi,
1031 1610 1134 1650 seu
1191 1590 1399 1651 mallet
1442 1592 1649 1650 statim
1706 1612 1887 1666 arma,
1947 1613 2049 1653 seu

245 1687 438 1764 petita
479 1686 730 1745 navibus
759 1686 956 1763 Gallia
985 1687 1194 1746 ducem
1226 1708 1288 1747 se
1317 1687 1658 1748 Vitellianis
1688 1690 2049 1750 exercitibus

248 1784 607 1859 ostenderet,
658 1784 812 1842 nihil
868 1783 943 1845 ad
1001 1805 1071 1845 ea
1124 1791 1290 1845 moto
1340 1785 1574 1846 Pisone.
1689 1787 1960 1847 centurio
2016 1808 2051 1847 a

157 1921 220 1956 20
246 1885 527 1944 Muciano
555 1883 769 1941 missus
796 1893 867 1941 ut
891 1891 1134 1960 portum
1164 1882 1558 1961 Karthaginis
1586 1884 1808 1963 attigit,
1832 1904 2049 1963 magna

691 1999 832 2039 voce
918 1979 1076 2039 laeta
1164 1980 1370 2039 Pisoni
1455 1979 1656 2040 omina
1741 1988 2048 2060 tamquam

245 2042 579 2153 ware-3015&
588 2052 653 2140 ²2}
686 2077 941 2154 principi
997 2076 1360 2151 continuare,
1420 2077 1630 2138 obvios
1685 2087 1747 2137 et
1815 2079 2048 2139 subitae

245 2143 443 2192 ”mmm
455 2153 608 2190 p‘mr‘
686 2174 770 2233 rei
828 2173 1110 2233 miraculo
1180 2173 1484 2247 attonitoS,
1550 2182 1622 2234 ut
1680 2174 1888 2235 eadem
1951 2175 2048 2235 ad-

245 2277 596 2347 streperent,
642 2270 883 2330 hortari.
997 2270 1212 2349 vulgus
1267 2270 1573 2330 credulum
1630 2291 1800 2331 ruere
1855 2272 1918 2331 in
1967 2273 2050 2333 fo-

158 2388 186 2423 2
192 2385 218 2438 5
246 2387 397 2439 rum,
441 2367 839 2443 praesentiam
868 2367 1105 2427 Pisonis
1148 2387 1497 2445 exposcere3
1536 2368 1755 2446 gaudio
1784 2368 2051 2429 clamori-

247 2466 473 2542 busque
503 2471 716 2523 cuncta
731 2464 1077 2537 miscebant,
1110 2464 1490 2543 indiligentia
1517 2466 1644 2524 veri
1674 2473 1735 2524 et
1763 2466 2051 2526 adulandi

245 2561 507 2621 libidine.
621 2560 762 2620 Piso
815 2560 1037 2620 indicio
1088 2560 1358 2639 Sagittae
1398 2561 1494 2620 vel
1535 2562 1716 2621 insita
1756 2562 2051 2622 modestia

244 2659 456 2718 nonin
487 2657 795 2735 publicum
836 2677 1105 2736 egressus
1149 2666 1240 2717 est
1281 2677 1475 2736 neque
1517 2678 1580 2718 se
1623 2659 1839 2718 studiis
1882 2660 2048 2739 vulgi

245 2756 517 2834 permisit
539 2779 551 2815 t
583 2756 1105 2833 centurionemque
1123 2761 1522 2833 percontatus»,
1536 2763 1854 2834 postquam
1873 2773 2051 2835 quae-

158 2883 221 2933 30
246 2854 428 2914 situm
478 2852 593 2912 sibi
634 2852 857 2912 crimen
900 2851 1259 2929 caedemque
1302 2853 1606 2930 comperit,
1652 2853 2047 2913 animadverti

245 2952 309 3011 in
352 2970 486 3010 eum
528 2950 720 3023 iussit,
764 2948 927 3009 haud
970 2948 1220 3027 perinde
1270 2968 1374 3026 spe
1416 2948 1578 3008 vitae
1621 2970 1799 3027 quam
1841 2952 1930 3010 ira
1981 2950 2049 3011 in

246 3066 667 3127 percussorem,
699 3045 863 3124 quod
889 3045 947 3105 id
958 3065 1050 3105 em
1080 3066 1157 3105 ex
1184 3046 1669 3105 interfectoribus
1698 3046 1894 3107 Clodii
1921 3049 2047 3108 Ma-

246 3146 327 3206 cri
370 3152 644 3205 cruentas
672 3144 854 3222 legati
882 3144 1170 3222 sanguine
1197 3162 1409 3203 manus
1438 3142 1514 3202 ad
1543 3144 1784 3204 caedem
1804 3164 2049 3221 procon-

245 3242 391 3301 sulis
430 3241 775 3300 rettulisset.
892 3241 1071 3299 anxio
1101 3239 1318 3299 deinde
1360 3240 1556 3299 edicto
1586 3240 2045 3319 Karthaginien-

160 3370 219 3421 35
245 3337 409 3395 sibus
457 3335 779 3411 increpitis,
832 3355 907 3391 ne
948 3335 1124 3393 solita
1166 3336 1411 3412 quidem
1453 3337 1658 3395 munia
1699 3339 2041 3415 usurpabat,
