2261 3684
216 241 288 301 16
751 238 1151 301 CORNELII
1188 238 1290 298 TA
1301 236 1386 297 G'I
1384 234 1473 297 TI

32 426 62 483 f
209 402 381 480 legio,
413 422 604 482 nuper
630 423 666 461 a
695 401 887 462 Galba
914 400 1264 478 conscripta.
1353 400 1527 459 occisi
1550 419 1656 459 sex
1683 399 2017 478 primorum

210 500 490 559 ordinum
536 500 933 571 centuriones,
964 499 1222 585 abrepta
1240 516 1361 575 qua
1441 517 1534 557 am
1567 497 1777 575 signa.
1819 497 2015 573 ipsam
2087 540 2100 555 2

52 672 57 689 Ι
209 597 469 674 aquilam
497 582 723 656 Atilius
751 596 945 656 Verus
973 595 1154 673 primi
1181 574 1346 672 pifi’*
1330 594 1601 654 centurio
1643 593 1835 653 multa
1875 613 2015 652 cum
2088 606 2210 697 J

80 714 89 735 τ
116 694 180 747 25
206 693 469 752 hostium
498 699 693 772 strage
722 700 784 753 et
810 693 887 753 ad
917 698 1257 753 extremum
1284 691 1545 750 moriens
1566 697 1925 755 servaverat
2133 698 2181 737 θ’

62 775 182 839 ”23
288 789 522 850 ΧΧΙΙΙ.
571 789 874 850 Sustinuit
902 789 1203 849 labentem
1244 789 1431 848 aciem
1460 788 1764 847 Antonius
1808 787 2010 847 accitis
2136 773 2178 795 ⁸

40 876 47 883 ’
206 887 611 965 praetorianis.
698 888 804 965 qui
829 887 933 947 ubi
963 906 1247 964 excepere
1290 905 1571 963 pugnam,
1602 884 1837 963 pellunt
1878 886 2014 945 hos-

206 991 344 1058 tem,
377 983 517 1045 dein
547 984 866 1095 pelluntur.
954 1004 1212 1063 namque
1243 982 1557 1043 Vitelliani
1599 990 1902 1044 tormenta
1942 982 2008 1043 in

102 1161 107 1165 ρ
205 1102 481 1160 aggerem
508 1082 639 1142 viae
668 1081 1060 1155 contulerant,
1093 1089 1174 1141 ut.
1200 1080 1322 1140 tela
1347 1100 1535 1141 vacuo
1578 1088 1782 1158 atque
1800 1087 2008 1158 aperto

151 1189 178 1241 5
206 1187 648 1252 excuterentur,
682 1179 951 1258 dispersa
977 1178 1173 1265 primo
1200 1184 1263 1237 et
1289 1177 1550 1238 arbustis
1579 1177 1707 1237 sine
1736 1177 2006 1237 hostium

204 1295 365 1334 noxa
413 1275 603 1335 inlisa.
692 1268 1113 1354 magnitudine
1158 1260 1393 1364 exgnia
1429 1274 1672 1351 quintae
1722 1274 2006 1333 decumae

203 1372 451 1451 legionis
479 1372 721 1435 ballista
747 1371 1093 1450 ingentibus
1122 1371 1283 1430 saxis
1324 1370 1605 1430 hostilem
1646 1372 1834 1431 aciem
1871 1391 2006 1449 pro-

202 1470 427 1531 ruebat.
530 1469 768 1547 lateque
823 1468 1052 1529 cladem
1108 1469 1430 1540 intulisset,
1487 1469 1550 1526 ni
1606 1468 1725 1528 duo
1782 1469 2003 1528 milites

113 1610 119 1659 ἲ
164 1536 567 1679 praeclarum
621 1565 851 1629 facinus
920 1565 1050 1637 ausi
1044 1572 1160 1671 ,ml
1128 1565 1381 1663 arreptis
1451 1585 1483 1624 8
1551 1572 1749 1649 strage
1817 1567 2004 1626 scutis

123 1685 176 1719 10
201 1640 486 1743 ἰςηἬῖἶ
500 1663 697 1737 vincla
725 1683 791 1722 ac
836 1632 1196 1733 libramenta
1241 1661 1732 1744 [tormentorum]
1778 1662 2005 1722 abscid-

198 1762 397 1835 issent.
462 1761 669 1820 statim
691 1758 947 1820 confossi
971 1767 1114 1820 sunt
1136 1779 1325 1838 eoque
1346 1758 1700 1819 intercidere
1721 1761 1999 1819 nomina·

200 1859 276 1919 de
303 1858 460 1919 facto
489 1858 650 1918 haud
680 1842 1019 1937 ambigitur.
1080 1865 1297 1917 neutro
1325 1838 1717 1917 inclinaverat
1736 1856 1999 1931 fortuna,

200 1925 624 2113 doneffiadulta
650 1949 997 2066 Ποοῖὸᾼιιυα
1025 1957 1275 2064 surgens
1316 1954 1662 2014 ostenderet
1703 1953 1876 2028 acies
1897 1954 2005 2015 fal·
2077 1985 2080 1990 ,

198 2054 389 2132 leretq
434 2074 465 2113 e
554 2053 659 2113 sed
687 2051 990 2124 Flavianis
1019 2051 1267 2129 aequior
1294 2059 1554 2129 aterg03
1585 2050 1723 2110 hinc
1745 2052 2002 2112 maiores

116 2170 172 2223 15
199 2171 486 2230 equorum
516 2151 897 2229 virorumque
925 2149 1188 2223 umbrae,
1221 2155 1283 2207 et
1319 2133 1511 2222 falsor
1515 2155 1586 2207 ut
1625 2148 1694 2207 in
1731 2168 1997 2227 corpora,

197 2249 320 2308 ictu
363 2241 492 2318 tela}
529 2247 794 2316 hostium
839 2247 989 2306 citra
1026 2245 1362 2319 cadebant:
1403 2244 1718 2305 Vitelliani
1746 2245 2000 2307 adverso
2071 2265 2076 2272 Ι

198 2345 424 2405 1111111118
481 2343 858 2404 conlucentes
885 2329 1082 2454 fvelut
1152 2362 1228 2401 ex
1297 2333 1550 2451 occultol
1597 2342 1998 2403 iaculantibus

195 2443 423 2503 incauti
451 2420 864 2502 offerebantur.

90 2545 172 2609 24
210 2535 216 2545 '
276 2539 504 2599 XXIV.
552 2538 748 2618 Igitur
774 2537 1095 2610 Antonius,
1129 2536 1235 2597 ubi
1264 2554 1505 2597 noscere
1533 2556 1672 2596 suos
1713 2537 2012 2616 noscique,

195 2645 448 2717 poterat,
508 2636 656 2696 alios
711 2635 940 2739 pudore
996 2642 1058 2694 et
1112 2633 1369 2714 probris,
1426 2632 1647 2728 multos
1701 2633 1878 2694 laude
1934 2644 1999 2695 et

194 2736 455 2806 hortatu,
530 2752 736 2792 omnes
805 2752 909 2810 spe
977 2727 1405 2810 promissisque
1474 2730 1818 2803 accendenS,
1892 2753 1997 2792 cur

195 2830 654 2914 resumpsissent
673 2849 852 2924 arma,
879 2828 1254 2888 Pannonicas
1271 2827 1534 2906 legiones
1551 2804 1995 2907 interrogabat.
2027 2857 2034 2862 ·

140 2959 167 3012 5
194 2930 328 2991 illos
377 2949 503 3000 esse
552 2917 808 3004 campos,
860 2926 924 2984 in
973 2926 1191 3003 quibus
1241 2925 1478 2985 abolere
1527 2924 1726 2996 labem
1779 2927 1995 3004 prioris

193 2993 568 3106 ignominiae,
601 3024 705 3084 ubi
732 3024 1062 3131 reciperare
1103 3021 1356 3101 gloriam
1399 3029 1659 3100 possent.
1744 3029 1875 3081 tum
1917 3023 1996 3083 ad

192 3123 485 3184 Moesicos
515 3139 834 3182 conversus
834 3139 1222 3276 puffcipes
1191 3126 1579 3224 auctoresque
1602 3119 1741 3179 belli
1764 3120 1994 3182 ciebat:

191 3222 414 3280 frustra
468 3218 646 3286 minis
716 3224 778 3277 et
833 3237 939 3275 ver
981 3236 1032 3276 1s
1100 3187 1454 3292 provocatos
1508 3185 1885 3293 Vitellianos,
1941 3220 1990 3278 si

191 3334 401 3373 manus
423 3332 625 3372 eorum
647 3312 965 3387 oculosque
987 3331 1108 3370 non
1130 3311 1404 3370 tolerent.
1458 3311 1619 3384 haec,
1639 3321 1712 3371 ut
1728 3333 1993 3392 quosque
