2261 3684
270 290 343 354 44
804 280 1201 353 CORNELII
1236 288 1342 353 TA
1352 279 1525 352 cm

263 462 450 534 gerat,
497 453 710 516 Vitelli
766 453 965 527 cliens,
1015 474 1150 513 cum
1194 453 1477 514 Vitellius
1532 453 1757 532 collega
1811 451 2074 514 Claudio

267 553 439 611 foret.
527 552 691 629 quin,
722 558 793 611 ut
834 570 1146 611 censuram
1187 551 1394 630 patris,
1431 557 1500 609 ut
1541 558 1663 609 tres
1705 549 2067 621 consulatuS,

267 656 338 708 ut
367 656 462 708 tot
491 648 763 727 egregiae
808 646 1022 708 domus
1066 647 1323 708 honores
1366 647 1622 722 deceret,
1696 647 2073 724 esperatione

178 757 239 810 25
266 746 479 805 saltem
524 745 589 803 in
643 744 953 804 audaciam
982 744 1403 823 accingeretur.
1489 764 1626 823 pers
1691 763 1755 804 re
1790 743 2066 818 militem,

266 861 576 920 superesse
651 842 854 901 studia
919 841 1168 919 populi3
1249 840 1509 919 denique
1577 840 1728 900 nihil
1810 840 2071 900 atrocius

267 946 645 1011 eventurum,
676 957 857 1016 quam
886 938 949 996 in
978 937 1143 1015 quod
1172 945 1385 1015 sponte
1413 944 1607 998 ruant.
1677 936 1879 1001 ‚morie
1926 936 2072 1021 dum

267 1036 462 1110 victis,
493 1035 868 1095 moriendum
909 1034 1169 1095 deditis:
1212 1034 1277 1094 id
1322 1035 1512 1095 solum
1556 999 1865 1108 m
1945 1033 2070 1093 issi-

267 1153 432 1192 mum
463 1132 742 1210 spiritum
771 1152 879 1211 per
906 1132 1236 1193 ludibrium
1265 1140 1328 1193 et
1347 1132 1735 1192 contumelias
1755 1130 2072 1192 effundant

266 1251 341 1289 an
373 1251 480 1307 per
507 1231 808 1290 virtutem.
1195 1221 1207 1233 ⁶

201 1332 243 1396 7
346 1327 605 1387 LXVII.
651 1326 880 1386 Surdae
926 1326 1005 1386 ad
1047 1326 1231 1387 fortia
1273 1327 1516 1388 consilia
1559 1326 1809 1387 Vitellio
1856 1345 2071 1386 aures:

268 1425 638 1485 obruebatur
664 1423 899 1483 animus
928 1423 1310 1484 miseratione
1338 1444 1609 1503 curaque,
1642 1443 1717 1484 ne
1757 1423 2074 1501 pertinaci-

267 1523 378 1582 bus
435 1521 615 1581 armis
670 1521 869 1580 minus
938 1520 1291 1599 placabilem
1346 1522 1634 1582 victorem
1701 1521 2073 1598 relinqueret

267 1619 504 1698 coniugi
543 1639 609 1678 ac
652 1618 869 1678 liberis
958 1624 1087 1677 erat
1133 1618 1222 1678 illi
1267 1626 1329 1678 et
1374 1619 1530 1678 fessa
1573 1625 1768 1678 aetate
1812 1637 2073 1696 parens3

214 1746 241 1798 5
268 1735 419 1794 quae
476 1723 678 1775 tamen
734 1714 937 1792 paucis
995 1722 1135 1775 ante
1205 1715 1416 1776 diebus
1485 1721 1820 1794 opportuna
1877 1722 2073 1776 morte

267 1858 599 1948 &gamm
626 1862 667 1897 ω
707 1812 1019 1972 θῗῑοίῗίιιὲῗ.
1052 1812 1297 1973 gpmusb
1332 1813 1658 1973 praevlenitt,
1714 1812 2075 1975 nilffssoprin-

459 1936 471 1947 ·
708 1934 839 1992 clpa
867 1934 907 1972 u
1002 1934 1023 1973 1
1130 1933 1266 1973 secu
1299 1934 1334 1973 a
1359 1934 1477 1974 msl
1527 1934 1600 1974 uc
1629 1933 1732 1973 um
1760 1933 1793 1974 6
1931 1934 2075 1974 nam

266 2010 500 2069 famam.
588 2009 709 2071 XV
762 2010 1048 2071 kalendas
1103 2011 1421 2071 Ianuarius
1475 2011 1681 2071 audita
1735 2011 2075 2072 defectione

268 2106 517 2185 legionis
572 2107 1041 2186 cohortiumque,
1086 2127 1239 2186 quae
1281 2128 1343 2168 se
1386 2108 1650 2169 Narniae
1692 2107 2072 2184 dediderant,

186 2236 245 2272 10
268 2204 433 2283 pullo
513 2205 737 2266 amictu
817 2205 1050 2266 Palatio
1119 2205 1484 2285 degreditur,
1546 2214 1775 2266 maesta
1851 2207 2076 2267 circum

267 2301 533 2376 familia,
598 2303 902 2364 ferebatur
942 2303 1217 2363 lecticula
1256 2304 1539 2383 parvulus
1582 2303 1739 2363 filius
1781 2304 1954 2365 velut
2007 2306 2078 2365 in

267 2399 580 2459 funebrem
623 2419 902 2477 pompam
930 2423 942 2459 :
984 2420 1159 2460 voces
1199 2399 1407 2478 populi
1447 2399 1703 2461 blandae
1758 2405 1821 2460 et
1860 2401 2077 2462 intem-

268 2496 550 2575 pestivae,
592 2497 762 2557 miles
807 2497 1023 2556 minaci
1065 2497 1321 2557 silentio,

163 2585 245 2650 68
349 2593 638 2654 LXVIII.
686 2594 814 2654 Nec
859 2594 1175 2672 quisquam
1224 2594 1373 2655 adeo
1422 2614 1621 2654 rerum
1668 2594 2076 2656 humanarum

269 2691 580 2762 inmemor,
606 2710 782 2768 quem
811 2711 934 2751 non
964 2698 1367 2751 commoveret
1386 2690 1492 2751 illa
1511 2691 1706 2763 facieS,
1730 2691 2077 2753 Romanum

269 2787 600 2866 principem
644 2794 707 2848 et
750 2788 985 2866 generis
1028 2788 1277 2847 humani
1335 2788 1511 2866 paulo
1565 2795 1707 2848 ante
1755 2787 2076 2850 dominum

269 2884 476 2946 relicta
523 2884 799 2944 fortunae
845 2904 984 2944 suae
1028 2884 1168 2944 sede
1211 2905 1319 2962 per
1364 2885 1665 2964 populum,
1706 2905 1816 2964 per
1858 2887 2078 2948 urbem

216 2998 244 3052 5
269 2982 432 3042 exire
461 2981 536 3041 de
563 2981 827 3060 imperio.
915 2981 1067 3041 nihil
1094 2981 1215 3041 tale
1238 2982 1530 3055 viderant,
1556 2981 1707 3043 nihil
1736 2982 2073 3045 audierant.

270 3078 590 3153 repentina
657 3078 749 3137 vis
834 3078 1191 3138 dictatorem
1278 3078 1591 3139 Caesarem
1676 3090 2074 3158 oppresserat,

271 3171 535 3230 occultae
581 3173 800 3231 Gaium
842 3173 1111 3246 insidiae,
1145 3194 1268 3234 nox
1313 3181 1376 3234 et
1418 3175 1693 3253 ignotum
1737 3197 1838 3236 rus
1863 3177 2076 3256 fugam

271 3265 530 3324 Neronis
558 3267 1006 3337 absconderant,
1039 3270 1178 3328 Piso
1208 3277 1270 3328 et
1298 3269 1491 3329 Galba
1519 3278 1823 3350 tamquam
1853 3273 1915 3332 in
1947 3276 2076 3335 acie

274 3359 574 3418 cecidere:
652 3361 716 3418 in
785 3381 892 3420 sua
966 3365 1244 3423 contione
1316 3365 1618 3440 Vitellius,
1694 3369 1855 3429 inter
1931 3390 2074 3432 suos
