2261 3684
234 303 345 361 138
769 291 1165 355 CORNELII
1200 289 1307 349 TA
1316 285 1477 348 CITI

147 491 203 526 10
227 462 458 521 manico
507 460 726 519 factam
775 455 1172 530 Rhenumque
1215 469 1402 528 prono
1449 447 1619 506 alveo
1660 445 1724 504 in
1768 441 2034 503 Galliam

228 565 516 631 ruentem,
588 553 850 615 disiectis
915 570 1067 629 quae
1136 547 1542 617 morabantur,
1613 540 1843 601 effudit.
1950 537 2035 596 sic

229 656 396 717 velut
438 654 646 714 abacto
688 670 862 710 amne
904 646 1105 708 tenuis
1147 645 1348 705 alveus
1389 640 1646 700 insulam
1684 639 1847 697 inter
1887 634 2036 694 Ger-

227 771 551 830 manosque
612 746 1052 809 continentium
1115 750 1413 802 terrarum
1471 737 1726 816 speeiem
1787 734 2030 793 fecerat.

228 849 514 910 transiere
576 845 855 906 Rhenum
923 842 1114 901 Tutor
1176 857 1414 917 quoque
1476 842 1538 896 et
1605 831 1900 893 Classicus
1973 836 2038 888 et

149 974 201 1025 ¹5
227 955 466 1009 centum
510 943 793 1004 tredecim
835 941 1235 1001 Treverorum
1276 940 1593 1004 senatores,
1634 931 1697 990 in
1740 929 1874 1008 quis
1915 926 2037 986 fuit

229 1043 509 1123 Alpinius
551 1040 895 1111 Montanus,
928 1055 1107 1115 quem
1150 1054 1186 1093 a
1225 1032 1431 1092 Primo
1469 1028 1743 1089 Antonio
1784 1026 2038 1085 missum

229 1144 292 1202 in
329 1140 557 1201 Gallias
596 1136 867 1215 superius
885 1130 1369 1192 memoravimus.
1463 1124 1863 1186 comitabatur
1898 1140 2037 1181 eum

230 1241 417 1300 frater
442 1237 518 1296 D.
552 1232 833 1313 Alpinius
857 1253 874 1305 ;
916 1228 1097 1289 simul
1136 1225 1317 1287 ceteri
1354 1223 1734 1284 miseratione
1762 1240 1829 1279 ac
1858 1218 2037 1278 donis

232 1336 457 1399 auxilia
485 1331 799 1394 concibant
827 1328 988 1388 inter
1014 1332 1224 1405 gentes
1251 1321 1646 1402 periculorum
1674 1317 1898 1378 avidas..

125 1445 206 1508 20
315 1433 453 1493 XX.
498 1431 879 1503 Tantumque
927 1423 1072 1484 belli
1126 1420 1437 1500 superfuit,
1487 1425 1558 1478 ut
1606 1414 1902 1495 praesidia
1949 1433 2041 1472 co-

232 1530 502 1591 hortium
557 1525 788 1585 alarum
848 1521 1155 1600 legionum
1215 1538 1336 1577 uno
1393 1516 1490 1576 die
1553 1500 1762 1574 Civilis
1802 1509 2043 1590 quadri·

233 1628 455 1708 pertito
492 1621 796 1691 invaserit,
832 1618 1144 1678 decumam
1185 1614 1479 1694 legionem
1519 1610 1793 1683 Arenaci,
1835 1628 2041 1668 secun·

234 1727 373 1786 dam
426 1717 813 1789 Batavoduri,
866 1722 928 1776 et
980 1714 1240 1775 Grinnes
1284 1711 1654 1787 Vadamque‚
1700 1705 2041 1767 cohortium

180 1855 207 1909 5
234 1824 579 1900 alarumque
620 1822 827 1888 castra,
857 1812 947 1873 ita
982 1811 1191 1872 divisis
1231 1808 1429 1888 copiiS,
1461 1814 1530 1868 ut
1555 1808 1684 1885 ipse
1725 1811 1788 1866 et
1814 1803 2038 1877 VeraX,

233 1941 432 1981 sorore
494 1917 621 1977 eius
681 1912 936 1992 genitus,
1002 1909 1417 1986 Classicusque
1478 1926 1543 1965 ac
1606 1905 1800 1964 Tutor
1869 1922 2038 1962 suam

285 2076 357 2114 He
418 2071 635 2113 attacks
674 2010 927 2088 quisque
989 2027 1233 2066 manum
1282 2004 1608 2074 traherent,
1660 2021 1770 2061 nec
1838 1999 2047 2059 omnia

235 2126 408 2165 various
470 2124 633 2162 Roman
676 2103 957 2182 patrandi
1000 2102 1234 2176 fiducia,
1268 2099 1374 2160 sed
1416 2099 1606 2159 multa
1645 2098 1804 2157 ausis
1840 2096 2046 2174 aliqua

234 2180 349 2226 ¹⁹⁰⁸t⁸
677 2202 742 2260 in
764 2211 933 2277 parte
952 2199 1256 2259 fortunam
1275 2197 1478 2257 adfore
1505 2219 1516 2255 ε
1546 2194 1725 2253 simul
1746 2192 2046 2254 Cerialem

157 2344 214 2379 ,Ο
238 2301 441 2376 neque‘
470 2297 614 2357 satis
642 2306 883 2357 cautum
911 2304 973 2357 et
1007 2296 1282 2374 pluribus
1317 2292 1547 2353 nuntiis
1583 2291 1701 2350 huc
1738 2289 1880 2349 illuc
1918 2308 2045 2348 cur-

238 2404 471 2455 santem
517 2415 688 2473 posse
743 2394 940 2454 medio
997 2392 1290 2469 intercipi.
1403 2390 1620 2468 quibus
1676 2388 2048 2448 obvenerant

238 2500 432 2553 castra
459 2492 937 2563 decumanorum,
970 2489 1476 2568 obpugnationem
1503 2484 1754 2565 legionis
1797 2483 2047 2543 arduam

238 2591 356 2651 rati
393 2609 693 2668 egressum
720 2589 976 2648 militem
1005 2595 1068 2647 et
1094 2586 1411 2647 caedendis
1437 2583 1705 2644 materiis
1733 2589 2049 2661 operatum

240 2688 574 2758 turbavere,
633 2686 823 2745 occiso
893 2683 1193 2764 praefecto
1254 2690 1582 2743 castrorum
1651 2688 1714 2740 et
1781 2679 2050 2758 quinque

159 2828 215 2880 15
239 2783 600 2863 primoribus
636 2781 1051 2842 centurionum
1089 2780 1413 2859 paucisque
1460 2777 1791 2837 militibus:
1864 2777 2051 2837 ceteri
2150 2843 2155 2849 ,

240 2904 302 2943 se
357 2879 745 2941 munimentis
801 2877 1209 2938 defenderant.
1313 2874 1555 2934 interim
1612 2873 2054 2934 Germanorum

242 3001 453 3041 manus
501 2976 871 3037 Batavoduri
924 2975 1360 3052 interrumpere
1408 2972 1754 3032 inchoatum
1801 2979 2053 3051 pontem

241 3078 590 3155 nitebantur
616 3098 627 3133 :
673 3072 1018 3151 ambiguum
1044 3071 1337 3149 proelium
1365 3089 1486 3129 nox
1515 3069 1770 3128 diremit.

138 3184 214 3246 21
324 3173 493 3232 XXI.
540 3172 685 3231 Plus
740 3168 1099 3229 discriminis
1157 3166 1314 3244 apud
1371 3166 1630 3226 Grinnes
1677 3164 2052 3243 Vadamque.

244 3269 479 3328 Vadam
522 3267 749 3339 Civilis,
790 3265 1049 3325 Grinnes
1093 3263 1390 3323 Classicus
1433 3263 1898 3341 obpugnabant:
1943 3283 2053 3323 nec

246 3363 376 3421 sisti
425 3368 702 3437 poterant
749 3361 1062 3418 interfecto
1118 3360 1442 3418 fortissimo
1491 3378 1746 3437 quoque,
1796 3359 1861 3418 in
1918 3360 2053 3437 quis
