2261 3684
600 232 1199 293 HISTORIARUM
1234 233 1387 293 LIB.
1437 233 1545 293 IV.
1903 238 1979 295 63

172 393 369 454 maior
397 414 473 454 an
515 392 746 466 iustior,
780 400 1053 454 senatum
1093 393 1158 454 in
1201 394 1401 454 studia
1441 393 1799 456 diduxerat.
1786 419 1799 433 ·
1841 417 1981 457 nam

172 491 227 552 si
308 492 551 552 caderet
618 491 953 565 MarceIIUS,
1025 510 1239 569 agmen
1306 504 1543 552 reorum

171 588 573 654 sternebatur.
657 589 849 667 primo
891 588 1098 648 minax
1139 596 1440 649 certamen
1482 594 1543 649 et
1584 552 1984 665 osHuuffffesstffl

170 686 433 764 egreglis
474 686 787 764 utriusque
816 685 1185 746 orationibus
1214 692 1538 761 testatum3
1584 655 1758 704 Bpnua.

167 803 321 843 mox
363 782 549 842 dubia
587 782 899 843 voluntate
941 782 1186 856 Galbae,
1230 783 1436 843 multis
1491 779 1833 843 senatorum
1887 779 1984 839 de-
2014 794 2072 831 10

89 910 92 911 ⁷
166 881 575 959 precantibuS,
619 880 823 939 omisit
863 880 1118 953 Priscus,
1150 880 1347 953 variis,
1378 886 1450 941 ut
1491 886 1632 940 sunt
1672 877 1982 938 hominum

166 978 436 1056 ingenia,
494 977 863 1037 sermonibus
916 977 1391 1039 moderationem
1446 976 1823 1037 laudantium
1876 980 1981 1034 aut
2060 1050 2064 1053 ι

166 1074 578 1136 constantiam
605 1075 1055 1153 requirentium.

258 1171 542 1232 Ceterum
573 1191 643 1231 eo
671 1178 912 1231 senatus
940 1171 1055 1246 die,
1088 1191 1208 1250 quo
1236 1172 1311 1232 de
1339 1171 1589 1250 imperio
1626 1167 1981 1247 Vespasiani

166 1269 518 1346 censebant,
548 1270 855 1348 placuerat
882 1270 1046 1329 mitti
1074 1270 1153 1330 ad
1174 1269 1505 1350 principem
1525 1269 1767 1346 legatos,
1840 1266 1980 1326 hinc
2012 1273 2067 1327 Ῑ5

164 1367 338 1426 inter
377 1365 729 1427 Helvidium
786 1374 848 1426 et
888 1367 1139 1444 Eprium
1197 1386 1327 1427 acre
1387 1366 1683 1444 iurgium:
1741 1363 1979 1423 Priscus

167 1462 320 1542 eligi
358 1463 716 1523 nominatim
771 1484 807 1524 a
866 1464 1317 1543 magistratibus
1379 1463 1610 1535 iuratis,
1660 1459 1978 1522 Marcellus

164 1580 391 1619 urnam
432 1560 790 1638 postulabat,
836 1580 989 1639 quae
1031 1561 1290 1622 consulis
1331 1559 1626 1638 designati
1681 1557 1980 1619 sententia

165 1657 387 1724 fuerat.

252 1753 397 1814 VII.
445 1754 564 1815 Sed
581 1754 851 1815 Marcelli
873 1754 1142 1815 studium
1156 1755 1433 1834 proprius
1450 1755 1636 1815 rubor
1656 1753 1973 1825 excitabat,
2003 1742 2042 1807 7

169 1872 248 1913 ne
278 1852 413 1912 aliis
454 1851 659 1913 electis
700 1852 1082 1932 posthabitus
1124 1852 1483 1913 crederetur.
1568 1851 1978 1930 paulatimque

168 1969 278 2028 per
319 1948 769 2010 altercationem
811 1949 887 2010 ad
930 1950 1242 2010 continuas
1284 1956 1347 2010 et
1388 1950 1636 2010 infestas
1680 1949 1978 2010 orationes

167 2046 441 2125 provecti
469 2053 629 2119 sunt,
660 2054 982 2125 quaerente
1013 2046 1317 2120 Helvidio,
1349 2047 1495 2125 quid
1528 2047 1616 2106 ita
1655 2046 1976 2109 Marcellus

166 2143 462 2204 iudicium
488 2144 949 2223 magistratuum
977 2150 1355 2222 pavesceret:
1399 2163 1525 2204 esse
1553 2143 1641 2203 illi
1664 2144 1977 2221 pecuniam
2005 2154 2031 2208 5

166 2248 249 2302 etv
288 2241 711 2320 eloquentiam,
775 2242 910 2320 quis
958 2240 1182 2301 multos
1237 2241 1513 2313 anteiret,
1571 2240 1636 2300 ni
1690 2241 1977 2301 m'emoria

164 2338 535 2417 flagitiorum
576 2345 946 2417 urgueretur.
1055 2344 1216 2398 sorte
1275 2344 1336 2398 et
1396 2359 1549 2398 urna
1606 2357 1800 2398 mores
1853 2358 1976 2398 non

165 2434 428 2495 discerni
454 2457 469 2495 ι
511 2436 789 2514 suffragia
819 2441 881 2495 et
909 2434 1415 2496 existimationem
1452 2441 1694 2495 senatus
1721 2443 1974 2513 reperta,

166 2538 239 2592 ut
259 2533 324 2592 in
346 2532 634 2611 cuiusque
654 2532 845 2592 vitam
864 2532 1204 2610 famamque
1224 2539 1624 2610 penetrarent.
1677 2532 1976 2610 pertinere

166 2629 244 2690 ad
301 2628 632 2689 utilitatem
673 2630 759 2689 rei
802 2629 1090 2709 publicae,
1134 2630 1432 2708 pertinere
1490 2629 1566 2689 ad
1621 2629 1975 2708 Vespasiani
2007 2640 2066 2677 10

165 2727 475 2799 honorem,
506 2746 810 2787 occurrere
850 2726 956 2800 illi,
988 2746 1139 2805 quos
1180 2726 1536 2787 innocentis·
1626 2760 1782 2800 „wate
1818 2770 1876 2799 οη
1909 2758 1977 2800 th,

165 2825 348 2885 simos
386 2829 630 2884 senatus
669 2824 905 2899 habeat,
951 2824 1056 2902 qui
1110 2824 1378 2884 honestis
1420 2844 1535 2884 ser·
1575 2811 1978 2901 {gugissssssf‘ssv‘t'iss

165 2922 448 2983 monibus
538 2942 710 2982 aures
799 2921 1177 3000 imperatoris
1258 2922 1530 2982 inbuant.
1575 2921 1773 2961 emperor.

164 3020 348 3080 fuisse
392 3019 761 3098 Vespasiano
816 3019 1143 3079 amicitiam
1198 3039 1333 3079 cum
1388 3019 1665 3093 Thrasea,
1727 3019 1974 3093 Sorano,

166 3117 418 3192 Senti03
488 3136 743 3195 quorum
812 3123 1183 3176 accusatores
1252 3118 1435 3176 etiam
1489 3116 1540 3175 si
1595 3116 1799 3194 puniri
1851 3136 1973 3177 non
2007 3123 2065 3178 ι5

165 3203 457 3294 oporteat,
489 3213 780 3274 ostentari
809 3233 930 3273 non
972 3212 1203 3273 debere.
1316 3212 1430 3273 hoc
1472 3219 1713 3273 senatus
1754 3214 1975 3275 iudicio

163 3311 336 3372 velut
390 3310 701 3372 admoneri
768 3310 1119 3390 principem.
1176 3327 1326 3390 quos
1383 3310 1612 3389 probet,
1684 3329 1834 3389 quos
1889 3330 1978 3375 re-
