2261 3684
635 208 1233 271 HISTOBIARUM
1267 210 1423 269 LIB.
1469 209 1579 270 IV.
1935 213 2007 271 87

210 369 513 447 publicam
554 370 847 442 hortatus,
891 370 1054 430 haud
1096 370 1377 430 defutura
1406 371 1774 430 consciorum
1814 391 2012 444 manu,

208 467 273 525 ni
298 466 722 527 Scribonianus
750 467 1074 542 abnuisset,
1099 487 1175 527 ne
1202 468 1425 545 paratis
1447 468 1688 547 quidem
1718 469 2016 546 corrumpi

207 563 416 637 facilis,
446 565 596 625 adeo
635 573 906 624 metuens
948 565 1193 625 incerta.
1278 565 1464 644 igitur
1503 565 1834 639 Mucianus,
1878 565 2019 644 quia
2042 587 2106 623 20

206 661 519 739 propalam
549 663 804 740 opprimi
825 662 1133 721 Antonius
1162 662 1464 740 nequibat,
1496 662 1702 722 multis
1724 663 1786 721 in
1804 669 2017 722 senatu

206 756 491 818 laudibus
520 759 890 818 cumulatum
931 759 1177 820 secretis
1205 759 1514 838 promissis
1561 767 1791 833 onerat,
1825 760 2018 820 citeri-

206 875 377 914 orem
453 855 811 934 Hispaniam
881 863 1193 915 ostentans
1276 856 1542 916 discessu
1611 855 1808 916 Cluvii
1878 857 2018 917 Rufi

205 971 462 1012 vacuam
483 976 500 1026 3
541 952 720 1012 simul
748 952 952 1012 amicis
980 952 1106 1012 eius
1129 953 1473 1012 tribunatus
1501 954 2019 1032 praefecturasque

203 1048 480 1128 largitur.
570 1050 711 1109 dein
766 1057 1086 1128 postquam
1143 1051 1383 1110 inanem
1456 1051 1723 1110 animum
1792 1072 1897 1129 spe
1957 1058 2020 1113 et
2044 1071 2104 1123 25

205 1146 492 1225 cupidine
542 1147 891 1226 inpleverat,
943 1147 1101 1207 vires
1139 1147 1339 1207 abolet
1376 1147 1621 1207 dimissa
1666 1148 1729 1207 in
1770 1148 2021 1209 hiberna

205 1242 446 1321 legione
494 1243 765 1320 septima,
814 1244 982 1303 cuius
1032 1243 1529 1322 flagrantissimus
1572 1244 1635 1303 in
1683 1244 2018 1305 Antonium

205 1359 392 1399 amor.
481 1347 544 1399 et
583 1341 763 1400 tertia
791 1341 964 1419 legio,
1004 1340 1315 1401 familiaris
1342 1340 1521 1401 Arrio
1548 1340 1711 1401 Varo
1739 1342 1925 1415 miles,
1954 1342 2019 1402 in

207 1436 454 1496 Suriam
494 1437 781 1513 remissa3
830 1457 968 1515 pars
1011 1438 1308 1498 exercitus
1350 1437 1413 1496 in
1456 1436 1808 1498 Germanias
1849 1439 2022 1500 duce-

205 1533 410 1592 batur.
496 1533 578 1592 sic
619 1541 823 1612 egesto
861 1533 1160 1612 quidquid
1188 1533 1500 1593 turbidum
1527 1534 1710 1594 rediit
1751 1535 1888 1595 urbi
1915 1556 2022 1596 sua
2046 1558 2110 1609 30

206 1630 405 1688 forma
433 1628 711 1708 legesque
742 1637 802 1689 et
830 1630 1036 1689 munia
1063 1630 1538 1708 magistratuum.

292 1725 421 1785 XL.
471 1725 601 1799 Quo
630 1726 726 1786 die
756 1734 1029 1786 senatum
1059 1727 1363 1804 ingressus
1392 1734 1482 1786 est
1510 1725 1914 1802 Domitianus,
1945 1729 2020 1789 de
2046 1732 2126 1794 40

209 1822 489 1883 absentia
529 1824 718 1902 patris
763 1823 1087 1903 fratrisque
1145 1844 1211 1883 ac
1268 1823 1516 1884 iuventa
1571 1845 1680 1885 sua
1722 1847 1912 1904 pauca
1959 1834 2021 1888 et

209 1920 450 1980 modica
498 1920 799 1990 disseruit,
854 1921 1101 1980 decorus
1150 1920 1403 1995 habitu3
1447 1929 1509 1981 et
1553 1922 1774 2001 ignotis
1825 1925 2020 1985 adhuc

209 2017 480 2079 moribus
497 2019 704 2077 crebra
733 2017 853 2077 oris
874 2018 1143 2077 confusio
1163 2037 1273 2095 pro
1291 2017 1586 2078 modestia
1602 2021 2016 2099 accipiebatur.

210 2114 510 2174 referente
553 2113 804 2174 Caesare
847 2113 923 2173 de
965 2115 1355 2174 restituendis
1399 2114 1624 2175 Galbae
1674 2117 2016 2194 honoribuS‚
2050 2132 2077 2184 5

210 2212 448 2271 censuit
502 2211 747 2272 Curtius
801 2212 1149 2284 MontanuS‚
1208 2219 1279 2272 ut
1346 2211 1582 2272 Pisonis
1679 2257 1952 2307 Prooemium
1973 2259 2023 2298 ἐπ

210 2328 453 2387 quoque
508 2309 794 2368 memoria
855 2308 1268 2370 celebraretur.
1378 2318 1576 2387 patres
1620 2304 1687 2346 ‘²⁸⁶
1706 2308 1868 2347 &mst-

210 2413 540 2483 utrumque
607 2406 865 2466 iussere:
936 2406 1011 2465 de
1079 2404 1299 2466 Pisone
1366 2406 1604 2466 irritum
1673 2408 1803 2467 fuit.
1891 2415 2021 2468 tum

212 2510 378 2563 sorte
420 2502 603 2575 ducti,
632 2522 742 2581 per
768 2523 917 2581 quos
959 2501 1356 2562 redderentur
1396 2503 1553 2563 bello
1581 2510 1770 2582 rapta,
1801 2506 2022 2584 quique

213 2620 357 2660 aera
396 2598 597 2679 legum
636 2606 939 2659 vetustate
983 2599 1223 2676 delapsa
1267 2609 1580 2660 noscerent
1633 2601 2021 2681 figerentque,
2054 2617 2113 2654 10
2154 2592 2158 2596 ⁴

215 2704 279 2757 et
321 2696 505 2757 fastos
534 2696 879 2757 adulatione
920 2704 1261 2774 temporum
1292 2696 1561 2757 foedatos
1630 2707 2024 2761 exonerarent

215 2793 581 2872 modumque
659 2793 915 2871 publicis
996 2793 1262 2870 inpensis
1344 2793 1619 2854 facerent.
1748 2796 2024 2858 redditur

216 2891 421 2950 Tettio
465 2890 698 2950 Iuliano
740 2896 1036 2968 praetura,
1081 2898 1400 2969 postquam
1455 2892 1731 2970 cognitus
1785 2903 1876 2953 est
1945 2896 2022 2955 ad

215 2988 652 3065 Vespasianum
734 2987 1105 3066 confugisse:
1198 2987 1429 3066 Gripho
1511 2989 1703 3049 honor
1782 2994 2018 3054 mansit.

216 3085 408 3163 repeti
450 3084 590 3143 inde
633 3084 1031 3162 cognitionem
1086 3083 1248 3143 inter
1300 3084 1641 3148 Musonium
1685 3086 1911 3148 Rufum
1962 3098 2024 3149 et
2052 3110 2107 3162 15

217 3182 501 3243 Publium
549 3181 818 3242 Celerem
874 3181 1116 3260 placuit,
1165 3180 1598 3259 damnatusque
1653 3183 1904 3245 Publius
1960 3195 2022 3248 et

218 3280 432 3341 Sorani
461 3279 736 3339 manibus
764 3279 909 3338 satis
938 3279 1177 3338 factum.
1266 3278 1517 3357 insignis
1546 3279 1782 3357 publica
1809 3285 2016 3344 severi-
