2261 3684
271 290 345 347 82
810 283 1201 345 CORNELII
1247 282 1532 343 TAGITI

268 468 366 507 sus
395 446 685 507 Voculam
713 446 1160 523 exercitumque
1189 445 1317 504 eius
1358 443 1564 516 mittit,
1599 441 1755 501 Iulio
1799 439 2082 499 Maximo

268 552 330 604 et
357 543 609 604 Claudio
629 542 887 614 Victore,
912 541 1128 601 sororis
1150 561 1290 600 suae
1308 540 1447 611 filio,
1472 539 1738 599 ducibus
1824 537 2084 614 rapiunt

215 659 239 710 5
266 641 330 700 in
359 640 617 700 transitu
644 639 897 698 hiberna
924 638 1050 697 alae
1091 624 1437 715 Asciburgii
1479 637 1634 709 sita3
1676 633 1945 712 adeoque
1988 633 2083 691 in-

268 737 489 816 provisi
520 743 713 796 castra
737 735 1100 808 involavere,
1132 741 1203 793 ut
1230 754 1352 793 non
1381 733 1642 811 adloqui,
1661 751 1783 792 non
1805 729 2080 810 pandere

269 834 454 894 aciem
510 832 739 893 Vocula
794 831 1061 908 potuerit
1088 854 1100 890 ε
1171 830 1237 889 id
1290 830 1485 890 solum
1540 836 1610 888 ut
1669 829 1735 887 in
1805 827 2078 887 tumultu

269 931 521 1003 monuit,
580 929 944 1006 subsignano
999 927 1193 988 milite
1247 927 1446 987 media
1507 929 1776 985 firmare:
1846 923 2079 984 auxilia

269 1029 488 1106 passim
518 1025 871 1087 circumfusa
899 1032 1056 1084 sunt.
1145 1043 1324 1102 eques
1356 1024 1644 1102 prorupit,
1668 1028 2079 1099 exceptusque

188 1147 245 1183 ιο
271 1125 614 1203 compositis
669 1122 936 1181 hostium
992 1121 1304 1181 ordinibus
1359 1127 1529 1198 terga
1582 1119 1645 1178 in
1688 1138 1825 1178 suos
1866 1117 2069 1177 vertit.

320 1279 463 1321 Ratae
499 1282 671 1321 between
714 1218 919 1278 caedes
979 1217 1138 1294 inde,
1199 1238 1321 1278 non
1380 1217 1689 1295 proelium.
1803 1221 1865 1275 et
1923 1213 2079 1273 Ner-

271 1333 467 1421 gissglaca
567 1333 671 1371 ana
711 1316 943 1376 viorum
1027 1315 1317 1387 cohortes,
1388 1320 1557 1374 metu
1631 1333 1735 1372 seu
1803 1310 2072 1389 perfidia,

418 1410 430 1422 ’
711 1412 906 1472 latera
980 1421 1324 1472 nostrorum
1405 1411 1705 1471 nudavere
1732 1434 1744 1470 :
1828 1409 1911 1468 sic
1997 1407 2076 1467 ad

267 1505 527 1585 legiones
554 1517 927 1586 perventum,
958 1528 1110 1587 quae
1140 1509 1372 1568 amissis
1415 1507 1601 1586 signis
1642 1507 1804 1566 intra
1845 1504 2076 1565 vallum

187 1635 205 1670 1
215 1630 242 1684 5
271 1605 709 1679 sternebantur,
735 1626 869 1665 cum
887 1613 1134 1683 repente
1152 1625 1310 1666 novo
1329 1604 1552 1664 auxilio
1573 1604 1816 1663 fortuna
1837 1621 2076 1680 pugnae

269 1707 552 1761 mutatur.
642 1704 982 1762 Vasconum
1009 1702 1198 1763 lectae
1228 1722 1263 1762 a
1291 1701 1484 1762 Galba
1513 1701 1787 1761 cohortes
1829 1720 1896 1759 ac
1938 1707 2075 1758 tum

270 1799 506 1873 accitae,
538 1800 680 1860 dum
710 1801 918 1861 castris
946 1800 1373 1879 propinquant,
1404 1798 1611 1859 audito
1651 1796 2079 1877 proeliantium

272 1896 526 1957 clamore
555 1898 821 1958 intentos
847 1898 1036 1957 hostis
1065 1918 1101 1957 a
1129 1904 1298 1975 tergo
1340 1896 1640 1956 invadunt
1680 1895 2077 1971 latioremque

271 2014 452 2072 quam
480 2015 588 2072 pro
616 2016 862 2055 numero
898 2002 1186 2054 terrorem
1228 1982 1470 2067 faciunt,
1502 1992 1634 2053 aliis
1675 2013 1711 2051 a
1753 1992 2074 2064 Novaesio,

183 2122 246 2157 20
272 2091 403 2150 aliis
432 2112 467 2150 a
492 2092 876 2170 Mogontiaco
906 2091 1212 2151 universas
1235 2091 1432 2169 copias
1455 2089 1764 2149 advenisse
1787 2088 2080 2149 credenti-

269 2188 396 2248 bus.
481 2188 532 2247 is
583 2208 750 2248 error
791 2189 963 2248 addit
1019 2188 1263 2263 animos,
1310 2194 1372 2247 et
1413 2187 1557 2247 dum
1599 2186 1806 2247 alienis
1847 2185 2079 2245 viribus

272 2284 598 2360 confidunt,
618 2305 753 2344 suas
770 2305 1059 2362 recepere.
1114 2285 1472 2344 fortissimus
1489 2283 1737 2361 quisque
1755 2303 1787 2342 e
1805 2282 2075 2354 Batavis,

270 2388 562 2459 quantum
588 2381 862 2459 peditum
890 2388 1035 2454 erat,
1067 2380 1493 2441 conciduntur:
1536 2399 1715 2458 eques
1735 2379 1926 2439 evasit
1942 2400 2080 2439 cum

272 2477 457 2556 signis
526 2478 913 2557 captivisque,
978 2498 1126 2555 quos
1195 2478 1390 2555 prima
1457 2477 1579 2537 acie
1649 2476 2074 2555 corripuerant.

183 2600 244 2652 25
272 2595 576 2635 caesorum
604 2595 674 2636 eo
703 2576 801 2635 die
829 2575 893 2634 in
921 2575 1193 2653 partibus
1214 2575 1435 2634 nostris
1453 2574 1644 2633 maior
1664 2593 1966 2647 numerus,
1985 2581 2082 2634 set

271 2672 564 2746 inbellior,
598 2692 630 2732 e
658 2672 975 2733 Germanis
1002 2673 1132 2750 ipsa
1159 2672 1386 2731 robora.
1496 2674 1503 2678 ’

168 2774 249 2838 34
354 2769 645 2829 XXXIV.
691 2768 835 2828 Dux
875 2775 1127 2848 uterque
1164 2768 1298 2846 pari
1335 2769 1509 2846 culpa
1546 2768 1795 2827 meritus
1828 2768 2083 2828 adversa

273 2868 569 2945 prosperis
610 2865 867 2926 defuere.
954 2885 1094 2925 nam
1153 2864 1363 2925 Civilis
1417 2865 1467 2924 si
1523 2865 1847 2924 maioribus
1895 2865 2082 2942 copiis

272 2964 658 3024 instruxisset
684 2962 888 3036 aciem,
934 2962 1233 3022 circumiri
1263 2982 1298 3021 a
1331 2969 1457 3021 tam
1498 2963 1702 3040 paucis
1731 2962 2081 3023 cohortibus

273 3062 577 3140 nequisset
604 3068 914 3139 castraque
942 3067 1230 3138 perrupta
1271 3059 1656 3119 exscidisset:
1697 3058 1931 3119 Vocula
1970 3079 2082 3120 nec

221 3187 247 3239 5
275 3158 599 3217 adventum
648 3157 916 3217 hostium
964 3156 1317 3235 exploravit,
1359 3176 1546 3235 eoque
1589 3155 1768 3215 simul
1811 3177 2082 3235 egressus

274 3254 585 3331 victusque
610 3276 627 3327 3
709 3255 850 3313 dein
931 3256 1219 3314 victoriae
1289 3274 1500 3331 parum
1571 3255 1844 3328 confisuS,
1919 3255 2083 3315 tritis

274 3348 496 3408 frustra
525 3349 735 3408 diebus
765 3357 957 3407 castra
985 3350 1049 3408 in
1078 3350 1314 3410 hostem
1343 3350 1552 3422 movit,
1584 3370 1763 3429 quem
1791 3352 1841 3410 si
1871 3353 2080 3414 statim
