2261 3684
209 235 288 294 σε
743 233 1136 313 CORNELII
1181 233 1284 293 TA
1294 233 1456 293 011’1

208 413 429 474 pavore
473 394 673 455 sonitu
718 393 1018 466 tubarum,
1051 393 1308 454 clamore
1353 393 1555 453 hostili
1600 393 2006 453 turbarentur.

208 492 382 571 pauci
426 491 830 571 gladiatorum
873 491 1222 550 resistentes
1265 510 1460 568 neque
1504 490 1682 549 inulti
1709 488 2012 549 cecidere:

126 611 185 647 ιο
210 588 391 649 ceteri
438 587 513 648 ad
557 607 741 648 naves
784 587 1054 662 ruebant,
1102 587 1208 647 ubi
1256 593 1470 646 cuncta
1516 586 1646 665 pari
1687 584 2012 646 formidine

209 684 672 763 inplicabantur,
723 684 1039 763 permixtis
1095 684 1360 763 paganiS,
1408 704 1556 761 quos
1599 684 1765 743 nullo
1810 682 2013 743 discri-

210 783 387 847 mine¹
424 781 738 843 Vitelliani
795 781 1194 842 trucidabant.
1282 801 1387 841 sex
1443 781 1797 842 Liburnicae
1851 781 2014 840 inter

211 879 472 959 primum
517 879 850 939 tumultum
894 898 1149 952 evasere,
1181 879 1244 938 iu
1274 879 1407 957 quis
1449 879 1782 957 praefectus
1808 877 2013 938 classis

212 976 576 1056 Apollinaris
599 999 617 1050 ;
657 976 920 1054 reliquae
948 976 1013 1035 in
1039 975 1219 1037 litore
1246 983 1469 1054 captae,
1494 982 1601 1036 aut
1627 975 1813 1035 nimio
1840 994 2015 1035 ruen-

128 1095 184 1149 ¹5
210 1075 366 1135 tium
423 1093 601 1135 onere
655 1093 890 1153 pressas
944 1093 1108 1134 mare
1164 1073 1380 1134 hausit.
1487 1072 1754 1133 Iulianus
1809 1072 1885 1133 ad
1939 1071 2013 1131 L.-

210 1171 528 1234 Vitellium
576 1171 902 1250 perductus
950 1178 1013 1231 et
1060 1171 1410 1232 verberibus
1463 1170 1737 1231 foedatus
1791 1171 1856 1229 in
1911 1189 2016 1230 ore

212 1271 339 1331 eius
368 1269 689 1349 iugulatur.
761 1269 927 1329 fuere
956 1268 1061 1348 qui
1090 1288 1338 1328 uxorem
1367 1268 1432 1327 L.
1457 1267 1693 1328 Vitellii
1720 1267 2017 1327 Triariam

212 1367 592 1440 incesserent,
622 1373 931 1445 tamquam
958 1365 1161 1445 gladio
1187 1365 1437 1425 militari
1464 1365 1658 1426 cincta
1698 1365 1857 1426 inter
1896 1364 2016 1425 luc-

212 1472 347 1525 tum
449 1463 767 1542 cladesque
852 1470 1230 1542 expugnatae
1316 1462 1673 1522 Tarracinae
1759 1462 2016 1539 superbe

126 1583 189 1619 20
214 1580 507 1640 saeveque
562 1560 801 1641 egisset.
883 1561 1011 1639 ipse
1051 1560 1319 1621 lauream
1359 1566 1562 1639 gestae
1603 1579 1884 1638 prospere
1925 1559 2015 1618 rei

215 1659 291 1720 ad
334 1659 584 1718 fratrem
625 1658 807 1733 misit,
855 1664 1239 1736 percontatus
1282 1658 1489 1735 statim
1537 1657 1772 1736 regredi
1820 1677 1883 1717 se
1936 1676 2017 1716 an

214 1754 656 1835 perdomandae
726 1754 1087 1833 Campaniae
1156 1755 1432 1815 insistere
1499 1754 1747 1816 iuberet.
1851 1753 2016 1832 quod

217 1851 475 1911 salutare
544 1869 665 1910 non
732 1848 911 1909 modo
979 1849 1250 1927 partibus
1316 1848 1685 1926 Vespasiani,
1756 1848 1860 1908 sed
1926 1846 2018 1908 rei

216 1947 486 2027 publicae
512 1946 643 2006 fuit.
729 1966 870 2006 nam
900 1945 950 2005 si
990 1965 1195 2007 recens
1237 1945 1488 2006 victoria
1527 1944 1698 2005 miles
1739 1952 1799 2005 et
1840 1965 2021 2024 super

129 2068 159 2105 2
163 2065 191 2120 5
218 2045 463 2105 insitam
504 2043 900 2125 pervicaciam
949 2043 1224 2104 secundis
1272 2042 1442 2103 ferox
1483 2043 1735 2103 Romam
1778 2050 2020 2103 conten·

218 2143 422 2215 disset,
444 2140 609 2201 haud
636 2161 821 2220 parva
848 2141 1004 2201 mole
1032 2148 1325 2201 certatum
1352 2160 1461 2201 nec
1490 2140 1616 2200 sine
1643 2140 1831 2200 exitio
1852 2140 2020 2199 urbis

217 2241 388 2300 foret.
495 2238 718 2317 quippe
772 2238 838 2298 L.
897 2237 1148 2298 Vitellio
1203 2238 1475 2316 quamvis
1542 2237 1753 2297 infami
1820 2239 2022 2297 inerat

218 2335 530 2410 industria,
583 2355 692 2396 nec
746 2336 1091 2408 virtutibus,
1149 2344 1221 2395 ut
1274 2334 1432 2408 boni,
1490 2334 1596 2395 sed
1651 2355 1770 2414 quo
1837 2334 2023 2395 modo

218 2434 511 2514 pessimus
538 2433 809 2511 quisque,
839 2431 1006 2492 vitiis
1034 2431 1289 2492 valebat.

119 2539 195 2605 78
300 2528 648 2591 LXXVIII.
692 2529 856 2589 Dum
882 2527 1028 2589 haec
1055 2527 1119 2587 in
1148 2528 1421 2607 partibus
1446 2527 1682 2589 Vitellii
1708 2535 2017 2608 geruntur,

221 2630 519 2708 digressus
563 2626 796 2687 Narnia
821 2626 1177 2705 Vespasiani
1222 2625 1519 2686 exercitus
1561 2626 1744 2687 festos
1773 2626 2023 2686 Saturni

221 2725 351 2787 dies
379 2723 640 2786 Ocriculi
669 2743 777 2802 per
804 2724 994 2784 otium
1033 2723 1318 2802 agitabat.
1406 2742 1582 2783 causa
1627 2729 1754 2783 tam
1800 2743 2024 2802 pravae

220 2842 441 2894 morae,
469 2828 542 2882 ut
568 2821 920 2881 Mucianum
961 2820 1396 2900 opperirentur.
1482 2840 1591 2880 nec
1633 2819 1875 2881 defuere
1917 2820 2023 2899 qui

169 2957 194 3011 5
661 2918 997 2979 Antonium
1040 2917 1475 2996 suspicionibus
1516 2924 1834 2996 arguerent
1876 2924 2026 2978 tam—

221 2981 428 3119 ff&
455 2979 622 3069 3ιωῖῗὲ
663 3036 844 3095 quam
906 3014 1044 3075 dolo
1113 3021 1495 3075 cunctantem
1562 3021 1703 3092 post
1765 3022 2025 3075 secretas

425 3089 563 3127 ΜΨ
661 3110 896 3173 Vitellii
970 3109 1271 3187 epistulas,
1350 3110 1566 3188 quibus
1647 3111 2026 3172 consulatum

223 3212 287 3266 et
345 3207 613 3266 nubilem
679 3206 864 3265 filiam
931 3212 993 3265 et
1059 3205 1291 3265 dotales
1355 3226 1497 3284 opes
1563 3208 1825 3286 pretium
1893 3229 2029 3286 pro-

224 3299 471 3359 ditionis
531 3302 834 3361 offerebat.
931 3300 1034 3359 alii
1087 3302 1227 3360 ficta
1291 3300 1440 3362 haec
1506 3310 1569 3364 et
1634 3305 1696 3363 in
1764 3305 2027 3383 gratiam
