2261 3684
240 260 317 319 48
775 259 1171 322 CORNELII
1208 261 1315 322 ΤΑ
1325 262 1411 323 CI
1409 260 1498 322 TI

237 419 499 513 revulsas
556 420 820 499 undique
882 429 1127 494 statuas,
1175 423 1386 482 decora
1437 423 1745 498 maiorum,
1788 423 1852 483 in
1909 423 2042 500 ipso

238 500 406 577 aditu
448 518 576 577 vice
618 502 772 581 muri
814 519 1145 579 obiecisset.
1260 528 1389 579 tum
1430 521 1697 580 diversos
1756 519 2040 598 Capitolii

155 624 210 677 ι5
237 614 435 673 aditus
462 615 760 675 invadunt
780 615 954 675 iuxta
980 615 1179 676 lucum
1202 617 1350 693 asyli
1370 625 1430 676 et
1448 636 1566 695 qua
1586 617 1839 695 Tarpeia
1859 636 2039 693 rupes

236 717 475 770 centum
541 711 824 790 gradibus
894 712 1104 772 aditur.
1216 713 1521 791 inprovisa
1586 721 1856 793 utraque
1910 713 2038 772 vis·
2017 760 2082 809 Ἀ,

235 809 478 886 propior
505 816 683 886 atque
712 810 900 869 acrior
927 829 1034 887 per
1075 810 1309 887 asylum
1348 811 1680 890 ingruebat.
1767 831 1877 871 nec
1905 794 2166 878 εἰει-ἰβ

235 912 513 983 poterant
541 905 892 965 scandentes
919 927 1026 985 per
1054 908 1371 968 coniuncta
1399 908 1680 981 aedificia,
1713 927 1865 986 quae
1884 915 1956 966 ut
1972 907 2038 966 in
2189 896 2196 901 ’

235 1003 427 1063 multa
451 1003 686 1087 pace[in
716 1003 906 1063 altum
934 1003 1098 1064 edita
1125 1005 1319 1065 solum
1358 1004 1642 1083 Capitolii
1676 1006 2032 1083 aequabant.

146 1119 212 1154 20
235 1100 330 1159 hic
369 1100 708 1179 ambigitur,
750 1101 950 1179 ignem
989 1102 1164 1161 tectis
1214 1103 1654 1181 obpugnatores
1702 1103 2034 1174 iniecerint,

235 1218 311 1257 an
341 1198 584 1272 obsessi,
616 1218 767 1275 quae
797 1199 1056 1259 crebrior
1098 1199 1274 1272 fama,
1308 1200 1451 1259 dum
1493 1200 1754 1259 nitentes
1796 1221 1863 1259 ac
1907 1221 2039 1279 pro-

233 1314 462 1373 gressos
519 1295 844 1373 depellunt.
956 1295 1097 1355 inde
1153 1296 1356 1374 lapsus
1417 1297 1573 1377 ignis
1642 1297 1706 1355 in
1767 1298 2037 1374 porticus

233 1399 535 1478 adpositas
563 1399 811 1459 aedibus
833 1423 850 1474 3
892 1420 1034 1460 mox
1063 1402 1429 1461 sustinentes
1465 1401 1774 1480 fastigium
1801 1401 2037 1479 aquilae

231 1505 434 1557 vetere
490 1497 652 1575 ligno
708 1503 1024 1558 traxerunt
1081 1498 1383 1557 flammam
1438 1498 1847 1576 alueruntque.
1952 1499 2037 1559 sic

143 1610 205 1663 25
233 1593 597 1671 Capitolium
626 1593 837 1653 clausis
879 1594 1105 1654 foribus
1147 1594 1523 1655 indefensum
1566 1603 1628 1655 et
1664 1595 2036 1676 indireptum

231 1690 630 1769 conflagravit.

124 1786 206 1851 72
309 1788 564 1849 LXXII.
610 1788 685 1849 Id
712 1789 943 1849 facinus
971 1797 1107 1868 post
1150 1790 1453 1851 conditam
1481 1791 1691 1851 urbem
1720 1790 2036 1851 luctuosis-

231 1887 446 1946 simum
494 1886 1021 1965 foedissimumque
1067 1887 1154 1947 rei
1197 1887 1469 1966 publicae
1517 1888 1724 1966 populi
1773 1888 2034 1948 Romani

229 1985 460 2057 accidit,
505 1984 670 2044 nullo
726 1992 977 2045 externo
1018 1985 1208 2058 hoste,
1255 1985 1547 2063 propitiis,
1593 1985 1644 2044 si
1688 2005 1794 2064 per
1834 2005 2033 2044 mores

228 2088 465 2142 nostros
518 2081 741 2155 liceret,
800 2082 946 2155 deis,
1005 2081 1205 2141 sedem
1263 2082 1425 2142 Iovis
1481 2082 1711 2159 Optimi
1773 2082 2034 2141 Maximi

174 2199 201 2252 5
278 2223 450 2271 mam
475 2222 526 2271 os
557 2220 624 2261 the
665 2178 968 2256 auspicato
1037 2199 1073 2238 a
1139 2180 1463 2239 maioribus
1518 2179 1733 2258 pignus
1792 2178 2032 2256 imperii

227 2273 437 2321 wadm-
665 2275 983 2349 conditam,
1044 2296 1225 2354 quam
1286 2296 1407 2336 non
1464 2276 1791 2336 Porsenna
1823 2274 2031 2335 dedita

226 2374 372 2433 urbe
414 2392 607 2449 neque
662 2372 823 2433 Galli
864 2380 1037 2451 capta
1082 2380 1374 2433 temerare
1428 2372 1779 2451 potuissent,
1827 2373 2029 2433 furore

225 2470 561 2549 principum
591 2469 842 2530 excindi.
932 2478 1157 2530 arserat
1183 2478 1246 2531 et
1274 2478 1413 2529 ante
1455 2470 1820 2547 Capitolium
1866 2469 2029 2529 civili

224 2567 399 2641 bello,
456 2566 560 2626 sed
620 2566 829 2626 fraude
890 2567 1167 2644 privata3
1234 2587 1392 2627 nunc
1446 2566 1644 2645 palam
1699 2566 2025 2639 obsessum,

141 2698 201 2734 10
224 2665 422 2741 palam
461 2664 787 2738 incensum,
817 2664 1034 2741 quibus
1076 2684 1377 2723 armorum
1419 2664 1629 2737 causis,
1660 2682 1779 2741 quo
1820 2669 2027 2722 tantae

224 2761 408 2822 cladis
462 2760 700 2839 pretio?
770 2760 956 2830 stetit,
1022 2760 1160 2819 dum
1221 2780 1329 2838 pro
1390 2760 1585 2837 patria
1651 2759 2021 2820 bellavimus.

223 2866 471 2919 voverat
554 2857 914 2936 Tarquinius
1010 2858 1248 2917 Priscus
1345 2877 1452 2917 rex
1547 2857 1704 2916 bello
1801 2855 2025 2916 Sabino

220 2955 555 3033 ieceratque
617 2954 1008 3013 fundamenta
1075 2973 1180 3032 spe
1249 2955 1435 3032 magis
1502 2954 1739 3013 futurae
1802 2954 2027 3032 magni-

222 3050 467 3123 tudiniS,
498 3069 831 3128 quamquo
859 3050 1125 3110 modicae
1168 3050 1363 3109 adhuc
1392 3050 1599 3127 populi
1639 3050 1897 3109 Romani
1931 3070 2024 3109 res

139 3173 195 3224 15
224 3147 568 3204 sufficerent.
670 3165 813 3204 mox
871 3145 1110 3205 Servius
1166 3146 1397 3205 Tullius
1452 3148 1745 3207 sociorum
1800 3146 2023 3221 studio,

222 3239 360 3298 dein
390 3239 750 3315 Tarquinius
780 3240 1082 3317 Superbus
1119 3250 1295 3320 capta
1323 3243 1537 3303 Suessa
1565 3244 1837 3303 Pometia
1863 3244 2026 3304 host-

222 3332 348 3390 ium
390 3333 595 3408 spoliis
637 3344 972 3395 extruxere.
1086 3337 1192 3397 sed
1252 3338 1442 3414 gloria
1489 3341 1687 3418 operis
1745 3340 2020 3401 libertati
