2261 3684
656 216 1109 281 HISTORIAB
1124 217 1245 279 ΠΜ
1289 215 1442 277 LIB.
1491 215 1598 277 IV.
1956 220 2023 279 91

227 377 364 452 buS,
386 378 615 439 censuit
633 379 949 439 Mucianus
966 378 1197 457 prolixe
1218 399 1327 456 pro
1348 379 1787 440 accusatoribus
1799 403 1816 454 ;
1858 381 2034 441 simul

226 495 352 547 eos,
385 477 487 554 qui
506 484 793 554 coeptam,
813 475 1031 535 deinde
1053 476 1332 535 omissam
1355 476 1650 536 actionem
1671 485 2029 555 repeterent,

224 575 469 633 monuit
508 593 779 633 sermone
832 573 998 632 molli
1048 580 1110 633 et
1153 580 1459 651 tamquam
1500 580 1750 651 rogaret.
1837 583 2035 652 patres
2065 604 2091 656 5

229 675 572 747 coeptatam
611 670 968 742 libertatem,
1002 676 1321 747 postquam
1360 669 1599 729 obviam
1689 734 1726 772 B
1787 733 1851 772 m

229 766 407 840 itum,
467 766 730 827 omisere.
843 767 1177 840 Mucianus,
1251 787 1327 826 ne
1395 767 1596 844 sperni
1639 736 2044 843 εοιῗῖἶπιιῗωιῖπῠέ

230 871 481 923 senatus
584 862 872 923 iudicium
982 870 1044 924 et
1154 863 1380 922 cunctis
1485 864 1596 923 sub
1638 835 1818 882 samua.

230 960 479 1020 Nerone
506 960 780 1020 admissis
807 959 951 1020 data
991 960 1320 1038 impunitas
1362 960 1685 1031 videretur,
1718 959 2035 1020 Octavium

232 1056 537 1136 Sagittam
592 1065 654 1118 et
708 1058 1043 1116 Antistium
1103 1057 1420 1117 Sosianum
1476 1057 1756 1116 senatorii
1814 1057 2041 1117 ordinis
2072 1073 2131 1109 10

235 1173 506 1233 egressos
535 1154 784 1213 exilium
813 1154 874 1212 in
907 1153 1145 1212 easdem
1173 1153 1399 1213 insulas
1426 1152 1672 1232 redegit.
1761 1153 2043 1213 Octavius

235 1253 523 1312 Pontiam
551 1251 940 1322 Postumiam,
973 1259 1182 1328 stupro
1213 1251 1512 1329 cognitam
1545 1258 1607 1309 et
1641 1250 1881 1327 nuptias
1909 1270 2044 1310 suas

239 1349 624 1420 abnuentem,
676 1348 957 1425 inpotens
1026 1347 1243 1407 amoris
1312 1346 1708 1420 interfecerat,
1764 1347 2047 1407 Sosianus

239 1446 540 1525 pravitate
558 1465 792 1505 morum
811 1445 1016 1504 multis
1040 1445 1341 1505 exitiosus.
1428 1445 1603 1504 ambo
1620 1444 1788 1523 gravi
1808 1453 2048 1506 senatus

240 1542 515 1603 consulto
588 1542 857 1622 damnati
911 1541 1204 1619 pulsique,
1262 1541 1535 1620 quamvis
1589 1562 1862 1603 concesso
1917 1543 2047 1603 aliis
2079 1557 2134 1609 15

240 1639 461 1713 reditu,
493 1641 556 1698 in
587 1639 795 1699 eadem
823 1658 1015 1716 poena
1041 1638 1264 1698 retenti
1298 1645 1452 1698 sunt.
1539 1659 1647 1698 nec
1687 1639 1823 1700 ideo
1863 1639 2050 1700 lenita

241 1757 387 1816 erga
418 1737 766 1796 Mucianum
807 1735 1075 1795 invidia:
1119 1736 1341 1814 quippe
1385 1735 1666 1796 Sosianus
1708 1757 1774 1796 ac
1817 1737 2051 1816 Sagitta

245 1834 412 1908 vileS,
446 1833 627 1894 etiam
658 1833 708 1893 si
746 1840 1191 1893 reverterentur
1217 1857 1230 1894 :
1271 1841 1677 1894 accusatorum
1711 1834 1952 1913 ingenia
1987 1844 2051 1897 et

243 1953 389 2011 opes
418 1941 480 1992 et
509 1932 771 1992 exercita
797 1930 970 1990 malis
999 1931 1231 1991 artibus
1258 1932 1530 2009 potentia
1557 1932 1938 1992 timebantur.

330 2028 516 2088 XLV.
562 2028 995 2089 Reconciliavit
1024 2028 1326 2106 paulisper
1353 2029 1554 2088 studia
1581 2037 1818 2107 patrum
1845 2031 2052 2092 habita
2076 2035 2156 2096 45

232 2127 310 2186 ·in
340 2133 550 2186 senatu
589 2125 849 2204 cognitio
894 2124 1223 2184 secundum
1256 2132 1521 2185 veterem
1555 2145 1795 2186 morem.
1882 2128 2052 2188 Man-

241 2224 363 2283 lius
418 2222 728 2282 Patruitus
784 2228 1025 2281 senator
1076 2221 1385 2299 pulsatum
1434 2242 1496 2281 se
1545 2223 1610 2282 in
1702 2284 1981 2324 mmmm
2009 2286 2058 2334 os

244 2320 479 2381 colonia
535 2318 808 2379 Seniensi
853 2325 1024 2378 coetu
1081 2318 1492 2378 multitudinis
1548 2326 1609 2378 et
1648 2333 1789 2374 imuzt
1807 2339 1848 2374 to
1870 2347 1899 2374 a
1925 2336 2053 2375 sma-

244 2418 413 2477 iussu
480 2416 939 2494 magistratuum
1022 2416 1419 2493 querebatur3
1500 2435 1608 2475 nec
1651 2390 1728 2425 ‘⁰⁷’
2079 2444 2108 2497 5

243 2516 428 2574 finem
483 2512 736 2572 iniuriae
800 2512 897 2572 hic
961 2511 1239 2572 stetisse:
1299 2512 1607 2589 planctum
1669 2518 1731 2572 et
1790 2512 2053 2571 lamenta

245 2619 311 2671 et
346 2629 759 2687 supremorum
801 2608 1124 2686 imaginem
1172 2609 1474 2685 praesenti
1525 2609 1640 2669 sibi
1690 2608 2054 2668 circumdata

245 2727 385 2768 cum
413 2705 789 2767 contumeliis
808 2726 873 2765 ac
890 2705 1141 2782 probris,
1163 2724 1314 2782 quae
1334 2705 1397 2764 in
1415 2713 1687 2766 senatum
1711 2705 2054 2766 universum

244 2806 596 2865 iacerentur.
702 2802 900 2862 vocati
929 2802 1033 2879 qui
1063 2802 1483 2879 arguebantur,
1516 2810 1578 2863 et
1605 2803 1844 2882 cognita
1879 2825 2056 2865 causa

245 2902 313 2961 in
342 2900 645 2960 convictos
674 2898 1066 2970 vindicatum,
1109 2897 1504 2978 additumque
1546 2909 1789 2961 senatus
1829 2902 2054 2963 consul·
2087 2914 2147 2951 10

247 3007 399 3071 tum,
435 3017 556 3075 quo
600 2996 974 3057 Seniensium
1007 2994 1212 3073 plebes
1249 2998 1574 3057 modestiae
1617 2998 2051 3060 admoneretur.

244 3095 440 3155 isdem
469 3094 679 3154 diebus
700 3093 1002 3152 Antonius
1023 3092 1295 3152 Flamma
1311 3096 1688 3155 accusantibus
1709 3095 2058 3173 Cyrenensi-

247 3194 361 3254 bus
378 3191 700 3251 damnatur
720 3190 849 3269 lege
865 3189 1335 3267 repetundarum
1352 3198 1414 3251 et
1430 3192 1610 3252 exilio
1633 3194 1708 3252 ob
1726 3196 2050 3257 saevitiam.

332 3288 554 3348 XLVI.
599 3288 770 3348 Inter
807 3307 961 3365 quae
1001 3287 1278 3347 militaris
1324 3288 1539 3349 seditio
1585 3310 1768 3369 prope
1813 3295 2051 3354 exarsit.
2082 3290 2162 3353 46
