2261 3684
177 190 205 247 1
216 191 292 248 20
716 189 1113 249 CORNELII
1150 189 1256 249 TA
1266 188 1348 249 01
1346 189 1432 249 TI

170 348 376 427 gantia
416 369 625 409 vocare
667 350 933 424 offensaS,
985 349 1207 409 nimius
1248 349 1779 409 commemorandis
1822 368 1981 427 quae

89 455 146 509 Ι5
170 447 524 508 meruisset:
566 446 712 506 alios
753 455 822 506 ut
877 447 1143 519 inbelles,
1188 446 1503 507 Caecinam
1557 455 1628 506 ut
1668 447 1981 525 captivum

170 564 238 603 ac
269 543 620 604 dediticium
660 543 942 621 increpat.
1028 543 1188 604 unde
1229 544 1519 622 paulatim
1561 543 1752 605 levior
1777 543 1982 603 vilior-

172 660 288 718 que
315 640 540 715 haberi,
570 647 850 700 manente
879 647 1082 700 tamen
1109 641 1175 699 in
1204 641 1459 720 speciem
1488 640 1763 700 amicitia.

65 708 145 773 81
251 736 540 797 LXXXI.
627 738 744 796 Per
809 757 910 796 eos
966 756 1216 810 menses,
1291 737 1507 815 quibus
1567 736 1979 814 Vespasianus

169 833 574 894 Alexandriae
602 841 793 894 statos
822 835 1067 894 aestivis
1085 835 1331 894 flatibus
1359 834 1488 894 dies
1516 841 1578 894 et
1605 842 1767 894 certa
1793 833 1977 893 maris

171 931 606 1010 opperiebatur,
653 930 844 990 multa
884 930 1173 990 miracula
1216 951 1483 1003 evenere,
1529 932 1663 1010 quis
1705 931 1977 991 caelestis

171 1028 341 1089 favor
367 1035 429 1088 et
457 1028 747 1106 quaedam
765 1028 829 1087 in
850 1027 1288 1106 Vespasianum
1315 1028 1625 1088 inclinatio
1655 1029 1978 1088 numinum

117 1135 145 1189 5
222 1166 420 1206 mmm
471 1177 567 1214 W,
612 1126 1044 1185 ostenderetur.
1187 1146 1218 1185 e
1307 1125 1481 1204 plebe
1559 1125 1978 1186 Alexandrina

160 1218 327 1315 m
368 1217 420 1305 ’ἐξ
448 1218 569 1306 ᾖε·-
611 1221 855 1300 quidam
924 1222 1231 1282 oculorum
1301 1223 1440 1282 tabe
1515 1230 1697 1282 notus
1778 1243 1979 1302 genua

170 1318 344 1356 “udm-
612 1319 737 1378 eius
820 1318 1179 1392 advolvitur,
1255 1318 1587 1378 remedium
1670 1319 1976 1378 caecitatis

171 1435 494 1494 exposcens
534 1416 778 1495 gemitu,
810 1417 1045 1476 monitu
1083 1416 1386 1494 Serapidis
1415 1417 1529 1489 dei,
1562 1436 1739 1494 quem
1769 1416 1977 1476 dedita

172 1514 699 1593 superstitionibus
727 1533 874 1592 gens
916 1521 1057 1574 ante
1101 1513 1248 1574 alios
1279 1512 1460 1587 colit,
1502 1514 1976 1591 precabaturque

89 1630 149 1668 10
171 1611 517 1689 principem,
549 1616 621 1669 ut
647 1629 829 1687 genas
858 1617 920 1670 et
949 1610 1257 1670 oculorum
1280 1610 1454 1670 orbes
1483 1611 1836 1689 dignaretur
1861 1630 1977 1669 res-

171 1726 417 1786 pergere
446 1707 566 1766 oris
595 1714 988 1767 excremento.
1077 1707 1232 1767 alius
1260 1727 1506 1766 manum
1548 1727 1723 1785 aeger
1762 1706 1975 1766 eodem

173 1802 285 1864 deo
313 1809 570 1878 auctore,
602 1810 671 1863 ut
711 1803 864 1882 pede
906 1823 974 1863 ac
1016 1804 1271 1884 vestigio
1312 1803 1582 1865 Caesaris
1626 1804 1970 1877 calcaretur,

171 1901 394 1961 orabat.
478 1901 880 1979 Vespasianus
900 1901 1093 1979 primo
1109 1901 1387 1973 inridere,
1409 1902 1749 1979 aspernari3
1790 1907 1975 1978 atque

169 1999 289 2059 illis
316 1999 684 2059 instantibus
711 1998 889 2058 modo
916 1999 1139 2058 famam
1166 1998 1454 2058 vanitatis
1481 2004 1764 2072 metuere,
1792 1997 1975 2058 modo

90 2108 145 2161 15
171 2096 579 2157 obsecratione
607 2096 875 2173 ipsorum
917 2102 979 2154 et
1018 2094 1265 2155 vocibus
1307 2093 1684 2154 adulantium
1713 2095 1777 2153 in
1805 2114 1976 2174 spem

171 2192 412 2254 induci:
479 2198 781 2271 postremo
850 2192 1153 2251 aestimari
1221 2212 1258 2251 a
1324 2190 1571 2251 medicis
1637 2192 1823 2263 iubet,
1895 2212 1974 2251 an

172 2291 311 2350 talis
360 2289 612 2349 caecitas
668 2309 735 2348 ac
792 2288 1068 2348 debilitas
1125 2308 1237 2365 ope
1292 2288 1556 2347 humana
1610 2288 1976 2366 superabiles

170 2388 383 2447 forent.
503 2386 721 2447 medici
762 2386 926 2446 varie
969 2385 1297 2445 disserere:
1366 2386 1506 2445 huic
1554 2406 1678 2445 non
1734 2406 1975 2446 exesam

171 2485 295 2545 vim
342 2483 585 2544 luminis
630 2491 693 2543 ct
739 2482 1088 2556 redituram,
1140 2483 1190 2542 si
1227 2483 1594 2561 pellerentur
1630 2483 1975 2558 obstantia3

84 2602 149 2639 κο
170 2581 261 2641 illi
302 2581 532 2659 elapsos
573 2581 635 2639 in
679 2600 936 2659 pravum
977 2587 1159 2652 artuS,
1193 2580 1244 2639 si
1284 2580 1537 2641 salubris
1565 2580 1656 2639 vis
1695 2580 1976 2641 adhibea-

173 2688 287 2753 tur,
320 2698 491 2757 posse
534 2677 839 2756 integrari.
885 2675 948 2735 id
989 2677 1241 2736 fortasse
1283 2676 1447 2736 cordi
1493 2677 1620 2737 deis
1660 2685 1723 2737 et
1764 2677 1974 2738 divino

171 2775 504 2836 ministerio
592 2774 928 2852 principem
1022 2774 1318 2848 electum3
1414 2773 1672 2852 denique
1749 2777 1975 2853 patrati

171 2872 420 2933 remedii
474 2871 724 2950 gloriam
779 2890 961 2949 penes
1031 2869 1365 2942 Caesarem,
1421 2871 1589 2931 inriti
1644 2871 1975 2933 ludibrium

170 2990 353 3048 penes
396 2970 642 3029 miseros
691 2967 831 3027 fore.
892 2967 1081 3046 igitur
1135 2967 1537 3046 Vespasianus
1587 2977 1804 3029 cuncta
1859 2971 1975 3030 for-

85 3087 114 3123 2
120 3085 147 3138 5
172 3075 352 3128 tunae
380 3088 519 3128 suae
540 3074 746 3145 patere
764 3072 931 3125 ratus
951 3084 1060 3124 nec
1082 3065 1403 3142 quicquam
1420 3066 1583 3125 ultra
1603 3067 1971 3139 incredibile,

171 3165 329 3224 laeto
370 3165 497 3243 ipse
534 3164 726 3237 vultu,
788 3171 984 3223 erecta
1030 3182 1182 3240 quae
1232 3163 1512 3224 adstabat
1560 3165 1969 3240 multitudine,

171 3262 334 3321 iussa
361 3260 722 3336 exsequitur.
809 3260 1017 3319 statim
1050 3279 1335 3319 conversa
1362 3259 1439 3319 ad
1465 3280 1642 3320 usum
1660 3282 1889 3337 manuS,
1910 3271 1974 3324 at
