2261 3684
663 237 1258 299 HISTORIARUM
1298 238 1450 298 LIB.
1499 238 1606 298 IV.
1966 240 2041 298 99

233 399 344 459 ubi
398 419 549 477 quos
603 400 847 461 idoneos
896 400 1184 460 rebantur
1232 400 1593 459 conscientia
1648 399 2043 471 obstrinxere‚

234 496 303 556 in
360 497 592 557 colonia
648 497 1079 577 Agrippinensi
1139 498 1204 556 in
1262 497 1506 557 domum
1564 497 1859 576 privatam
1914 516 2045 556 con·
2077 504 2132 557 ¹5

235 593 532 668 veniunt3
617 614 756 654 nam
836 593 1074 673 publice
1172 594 1381 654 civitas
1477 594 1697 654 talibus
1792 594 2043 671 inceptis

237 690 639 767 abhorrebat,
709 711 777 752 ac
817 699 1020 751 tamen
1075 692 1401 752 interfuere
1450 691 1694 769 quidam
1749 691 2043 752 Ubiorum

236 786 753 866 Tungrorumque.
866 787 971 848 sed
1038 788 1297 866 plurima
1350 787 1442 847 vis
1510 807 1692 865 penes
1756 788 2045 849 Treveros

238 904 306 943 ac
335 884 654 961 Lingonas,
685 905 795 945 nec
822 885 1013 945 tulere
1051 905 1247 945 moras
1289 883 1684 945 consultandi.
1770 885 2042 945 certatim

237 981 613 1060 proclamant
680 981 878 1043 furere
947 982 1262 1042 discordiis
1328 981 1617 1060 populum
1686 982 2040 1057 Romanum,
2070 1001 2135 1037 20

236 1098 438 1138 caesas
478 1077 757 1158 legiones,
805 1085 1101 1147 vastatam
1145 1078 1402 1151 Italiam,
1441 1079 1572 1157 capi
1610 1098 1743 1138 cum
1785 1080 2043 1140 maxime

220 1175 464 1249 urbem,
498 1176 690 1236 omnis
719 1177 1018 1236 exercitus
1044 1176 1168 1236 suis
1196 1194 1492 1254 quemque
1533 1176 1705 1236 bellis
1734 1176 2041 1237 distineri:

238 1271 290 1331 si
320 1270 506 1350 Alpes
534 1273 845 1351 praesidiis
863 1273 1194 1346 firmentur,
1220 1272 1436 1332 coalita
1457 1271 1735 1332 libertate
1755 1273 2043 1351 discepta-

237 1374 406 1427 turas
449 1368 688 1443 Gallias,
734 1389 909 1447 quem
947 1369 1169 1429 virium
1196 1388 1439 1429 suarum
1475 1370 1799 1430 terminum
1832 1370 2037 1431 velint.

321 1465 482 1526 LVI.
527 1466 690 1527 Haec
732 1467 896 1527 dicta
921 1467 1165 1545 pariter
1190 1466 1597 1544 probataque:
1658 1467 1732 1527 de
1777 1468 2042 1546 reliquiis
2069 1471 2148 1535 56

238 1560 555 1621 Vitelliani
611 1563 908 1623 exercitus
964 1555 1334 1623 dubitavere.
1449 1561 1716 1641 plerique
1770 1563 2043 1624 interfici-

237 1657 429 1718 endos
471 1659 808 1733 censebant,
859 1658 1150 1733 turbidoS,
1203 1654 1439 1732 infidos,
1486 1660 1773 1738 sanguine
1823 1660 2044 1721 ducum

237 1754 538 1834 pollutos:
579 1755 725 1815 vicit
766 1756 920 1816 ratio
962 1756 1261 1834 parcendi,
1307 1776 1383 1815 ne
1426 1756 1660 1816 sublata
1693 1777 1797 1836 spe
1834 1758 2043 1819 veniae

237 1851 628 1930 pertinaciam
658 1853 1086 1913 accenderent:
1129 1852 1495 1913 adliciendos
1536 1854 1733 1931 potius
1765 1855 1827 1913 in
1870 1856 2045 1916 socie·
2072 1872 2100 1924 5

238 1955 444 2009 tatem.
531 1949 743 2028 legatis
784 1957 1019 2009 tantum
1064 1950 1367 2029 legionum
1407 1950 1754 2024 interfectis,
1784 1958 2047 2013 ceterum

237 2046 457 2124 vulgus
495 2046 854 2106 conscientia
887 2046 1175 2106 scelerum
1215 2055 1276 2106 et
1308 2066 1411 2124 spe
1454 2047 1834 2126 impunitatis
1874 2049 2044 2110 facile

238 2163 628 2204 accessurum.
716 2163 786 2203 ea
810 2143 990 2221 primi
1013 2143 1247 2203 concilii
1264 2143 1456 2203 forma
1476 2144 1761 2222 missique
1782 2166 1890 2224 per
1910 2147 2046 2206 Gal-

237 2241 353 2301 lias
383 2241 706 2300 concitores
731 2239 875 2300 belli
897 2263 913 2314 3
964 2240 1314 2300 simulatum
1350 2240 1494 2318 ipsis
1529 2241 1894 2320 obsequium,
1926 2263 2045 2322 quo

236 2329 637 2397 incautiorem
669 2336 959 2397 Voculam
1002 2338 1425 2415 opprimerent.
1511 2355 1621 2396 nec
1657 2337 1899 2399 defuere
1941 2341 2044 2418 qui
2077 2366 2136 2402 10

239 2416 506 2494 Voculae
554 2433 923 2507 nuntiarent,
974 2433 1079 2493 sed
1129 2434 1287 2492 vires
1336 2432 1412 2492 ad
1455 2439 1608 2492 co’e‘r-

239 2530 501 2591 cendum
548 2530 812 2603 deerant,
856 2529 1338 2608 infrequentibus
1386 2529 1607 2588 infidis·
1649 2548 1690 2583 ιο
1707 2494 1861 2604 vaxia
1882 2505 2047 2604 ‹205ssss

238 2648 360 2707 que
402 2626 746 2705 legionibus,
835 2627 996 2686 inter
1033 2626 1343 2705 ambiguos
1384 2625 1606 2686 milites
1647 2594 1989 2643 Amppzmm.

239 2732 304 2786 et
360 2724 621 2784 occultos
675 2723 877 2783 hostes
946 2722 1243 2800 optimum
1308 2741 1340 2782 e
1402 2721 1814 2800 praesentibus
1883 2727 2048 2780 ratus

238 2827 454 2881 mutua
520 2820 995 2880 dissimulatione
1064 2825 1127 2879 et
1191 2818 1383 2878 isdem
1454 2819 1671 2897 quibus
1731 2818 2047 2895 petebatur
2080 2844 2136 2897 15

236 2918 511 2998 grassari,
543 2918 606 2976 in
635 2916 929 2977 coloniam
958 2914 1460 2994 Agrippinensem
1496 2913 1820 2974 descendit.
1905 2912 2048 2971 illuc

240 3013 528 3074 Claudius
569 3013 787 3085 Labe0,
832 3032 1010 3091 quem
1053 3019 1292 3090 captum
1337 3019 1398 3070 et
1437 3018 1610 3071 extra
1650 3017 2050 3070 commeatum

239 3110 630 3170 amandatum
666 3110 730 3168 in
772 3109 995 3168 Frisios
1038 3108 1321 3179 diximus,
1365 3108 1659 3187 corruptis
1701 3107 2049 3167 custodibus

238 3207 501 3287 perfugit
523 3193 548 3281 3¹
589 3206 1026 3285 pollicitusque,
1058 3205 1109 3264 si
1138 3204 1502 3282 praesidium
1531 3204 1789 3278 daretur,
1822 3204 2049 3264 iturum

236 3306 305 3365 in
336 3304 595 3363 Batavos
625 3311 687 3364 et
714 3304 1013 3381 potiorem
1042 3301 1306 3361 civitatis
1334 3309 1564 3379 partem
1594 3301 1671 3361 ad
1704 3302 2046 3362 societ-atem
2079 3330 2141 3365 20
