<?xml version="1.0" encoding="UTF-8"?>
<!DOCTYPE html PUBLIC "-//W3C//DTD XHTML 1.0 Transitional//EN"
    "http://www.w3.org/TR/xhtml1/DTD/xhtml1-transitional.dtd">
<html xmlns="http://www.w3.org/1999/xhtml" xml:lang="en" lang="en">
 <head>
  <title>
</title>
<meta http-equiv="Content-Type" content="text/html;charset=utf-8" />
  <meta name='ocr-system' content='tesseract 3.04.00' />
  <meta name='ocr-capabilities' content='ocr_page ocr_carea ocr_par ocr_line ocrx_word'/>
</head>
<body>
  <div class='ocr_page' id='page_1' title='image "./historiestacitu01tacigoog_0162.png"; bbox 0 0 2261 3684; ppageno 0'>
   <div class='ocr_carea' id='block_1_1' title="bbox 213 208 1463 278">
    <p class='ocr_par' dir='ltr' id='par_1_1' title="bbox 213 208 1463 278">
     <span class='ocr_line' id='line_1_1' title="bbox 213 208 1463 278; baseline 0.003 -6"><span class='ocrx_word' id='word_1_1' title='bbox 213 208 323 273; x_wconf 87' lang='lat'><strong>136</strong></span> <span class='ocrx_word' id='word_1_2' title='bbox 744 216 1141 277; x_wconf 82' lang='lat' dir='ltr'><em>CORNELII</em></span> <span class='ocrx_word' id='word_1_3' title='bbox 1176 218 1282 277; x_wconf 82' lang='lat' dir='ltr'><strong>TA</strong></span> <span class='ocrx_word' id='word_1_4' title='bbox 1293 217 1380 278; x_wconf 83' lang='lat' dir='ltr'><strong>CI</strong></span> <span class='ocrx_word' id='word_1_5' title='bbox 1378 212 1463 276; x_wconf 87' lang='lat' dir='ltr'><strong>TI</strong></span> 
     </span>
    </p>
   </div>
   <div class='ocr_carea' id='block_1_2' title="bbox 96 375 2012 3369">
    <p class='ocr_par' dir='ltr' id='par_1_2' title="bbox 122 375 2012 1429">
     <span class='ocr_line' id='line_1_2' title="bbox 206 375 2012 439; baseline 0.002 -6"><span class='ocrx_word' id='word_1_6' title='bbox 206 375 669 436; x_wconf 77' lang='lat' dir='ltr'><strong>advehebantur.</strong></span> <span class='ocrx_word' id='word_1_7' title='bbox 786 377 1033 437; x_wconf 86' lang='lat' dir='ltr'><strong>Cerialis</strong></span> <span class='ocrx_word' id='word_1_8' title='bbox 1087 387 1352 439; x_wconf 89' lang='lat' dir='ltr'><strong>veterem</strong></span> <span class='ocrx_word' id='word_1_9' title='bbox 1422 379 1677 439; x_wconf 89' lang='lat' dir='ltr'><strong>Romani</strong></span> <span class='ocrx_word' id='word_1_10' title='bbox 1744 378 2012 438; x_wconf 88' lang='lat' dir='ltr'><strong>nominis</strong></span> 
     </span>
     <span class='ocr_line' id='line_1_3' title="bbox 124 472 2011 555; baseline 0.003 -27"><span class='ocrx_word' id='word_1_11' title='bbox 124 489 182 528; x_wconf 84' lang='grc' dir='ltr'><strong>ιο</strong></span> <span class='ocrx_word' id='word_1_12' title='bbox 204 472 471 549; x_wconf 83' lang='lat' dir='ltr'><strong>gloriam,</strong></span> <span class='ocrx_word' id='word_1_13' title='bbox 543 474 818 552; x_wconf 90' lang='lat' dir='ltr'><strong>antiquas</strong></span> <span class='ocrx_word' id='word_1_14' title='bbox 887 483 1271 555; x_wconf 80' lang='lat' dir='ltr'>recentesque</span> <span class='ocrx_word' id='word_1_15' title='bbox 1340 476 1617 535; x_wconf 87' lang='lat' dir='ltr'><strong>victorias</strong></span> <span class='ocrx_word' id='word_1_16' title='bbox 1637 499 1653 549; x_wconf 87' lang='lat'>;</span> <span class='ocrx_word' id='word_1_17' title='bbox 1686 519 1694 526; x_wconf 86' lang='lat'><strong>.</strong></span> <span class='ocrx_word' id='word_1_18' title='bbox 1734 482 1805 534; x_wconf 92' lang='lat' dir='ltr'><strong>ut</strong></span> <span class='ocrx_word' id='word_1_19' title='bbox 1880 495 2011 552; x_wconf 88' lang='lat' dir='ltr'><strong>per·</strong></span> 
     </span>
     <span class='ocr_line' id='line_1_4' title="bbox 207 569 2011 648; baseline 0.001 -20"><span class='ocrx_word' id='word_1_20' title='bbox 207 569 391 629; x_wconf 88' lang='lat' dir='ltr'><strong>fidum</strong></span> <span class='ocrx_word' id='word_1_21' title='bbox 465 570 751 648; x_wconf 90' lang='lat' dir='ltr'><strong>ignavum</strong></span> <span class='ocrx_word' id='word_1_22' title='bbox 818 572 1042 631; x_wconf 87' lang='lat' dir='ltr'><strong>victum</strong></span> <span class='ocrx_word' id='word_1_23' title='bbox 1109 571 1346 632; x_wconf 89' lang='lat' dir='ltr'><strong>hostem</strong></span> <span class='ocrx_word' id='word_1_24' title='bbox 1414 572 1477 630; x_wconf 92' lang='lat' dir='ltr'><strong>in</strong></span> <span class='ocrx_word' id='word_1_25' title='bbox 1544 579 1852 632; x_wconf 90' lang='lat' dir='ltr'><strong>aeternum</strong></span> <span class='ocrx_word' id='word_1_26' title='bbox 1912 591 2011 631; x_wconf 83' lang='lat' dir='ltr'><strong>ex-</strong></span> 
     </span>
     <span class='ocr_line' id='line_1_5' title="bbox 205 665 2004 746; baseline 0.002 -21"><span class='ocrx_word' id='word_1_27' title='bbox 205 665 532 740; x_wconf 88' lang='lat' dir='ltr'><strong>cinderent,</strong></span> <span class='ocrx_word' id='word_1_28' title='bbox 593 666 819 726; x_wconf 88' lang='lat' dir='ltr'><strong>ultione</strong></span> <span class='ocrx_word' id='word_1_29' title='bbox 872 668 1060 746; x_wconf 89' lang='lat' dir='ltr'><strong>magis</strong></span> <span class='ocrx_word' id='word_1_30' title='bbox 1123 689 1302 746; x_wconf 90' lang='lat' dir='ltr'><strong>quam</strong></span> <span class='ocrx_word' id='word_1_31' title='bbox 1365 668 1589 746; x_wconf 90' lang='lat' dir='ltr'><strong>proelio</strong></span> <span class='ocrx_word' id='word_1_32' title='bbox 1652 688 1801 746; x_wconf 87' lang='lat' dir='ltr'><strong>opus</strong></span> <span class='ocrx_word' id='word_1_33' title='bbox 1855 687 2004 728; x_wconf 90' lang='lat' dir='ltr'><strong>esse.</strong></span> 
     </span>
     <span class='ocr_line' id='line_1_6' title="bbox 205 764 2009 842; baseline 0.001 -20"><span class='ocrx_word' id='word_1_34' title='bbox 205 764 507 840; x_wconf 89' lang='lat' dir='ltr'><strong>pauciores</strong></span> <span class='ocrx_word' id='word_1_35' title='bbox 535 784 726 841; x_wconf 86' lang='lat' dir='ltr'><strong>nuper</strong></span> <span class='ocrx_word' id='word_1_36' title='bbox 754 785 887 824; x_wconf 90' lang='lat' dir='ltr'><strong>cum</strong></span> <span class='ocrx_word' id='word_1_37' title='bbox 914 764 1187 842; x_wconf 88' lang='lat' dir='ltr'><strong>pluribus</strong></span> <span class='ocrx_word' id='word_1_38' title='bbox 1216 772 1485 837; x_wconf 81' lang='lat' dir='ltr'><strong>certasse,</strong></span> <span class='ocrx_word' id='word_1_39' title='bbox 1517 786 1583 824; x_wconf 89' lang='lat' dir='ltr'><strong>ac</strong></span> <span class='ocrx_word' id='word_1_40' title='bbox 1611 773 1812 825; x_wconf 89' lang='lat' dir='ltr'><strong>tamen</strong></span> <span class='ocrx_word' id='word_1_41' title='bbox 1840 765 2009 824; x_wconf 83' lang='lat' dir='ltr'><strong>fusos</strong></span> 
     </span>
     <span class='ocr_line' id='line_1_7' title="bbox 203 859 2007 941; baseline 0 -21"><span class='ocrx_word' id='word_1_42' title='bbox 203 859 550 934; x_wconf 87' lang='lat' dir='ltr'><strong>Germanos,</strong></span> <span class='ocrx_word' id='word_1_43' title='bbox 594 861 753 939; x_wconf 91' lang='lat' dir='ltr'><strong>quod</strong></span> <span class='ocrx_word' id='word_1_44' title='bbox 791 862 1020 922; x_wconf 87' lang='lat' dir='ltr'><strong>roboris</strong></span> <span class='ocrx_word' id='word_1_45' title='bbox 1057 863 1270 922; x_wconf 89' lang='lat' dir='ltr'><strong>fuerit:</strong></span> <span class='ocrx_word' id='word_1_46' title='bbox 1316 883 1621 941; x_wconf 83' lang='lat' dir='ltr'><strong>superesse</strong></span> <span class='ocrx_word' id='word_1_47' title='bbox 1659 862 1760 941; x_wconf 86' lang='lat' dir='ltr'><strong>qui</strong></span> <span class='ocrx_word' id='word_1_48' title='bbox 1799 861 2007 940; x_wconf 87' lang='lat' dir='ltr'><strong>fugam</strong></span> 
     </span>
     <span class='ocr_line' id='line_1_8' title="bbox 122 959 2006 1039; baseline -0.001 -19"><span class='ocrx_word' id='word_1_49' title='bbox 122 982 175 1035; x_wconf 85' lang='lat'><strong>¹5</strong></span> <span class='ocrx_word' id='word_1_50' title='bbox 203 959 433 1032; x_wconf 90' lang='lat' dir='ltr'><strong>animis,</strong></span> <span class='ocrx_word' id='word_1_51' title='bbox 500 960 602 1037; x_wconf 92' lang='lat' dir='ltr'><strong>qui</strong></span> <span class='ocrx_word' id='word_1_52' title='bbox 664 959 911 1019; x_wconf 89' lang='lat' dir='ltr'><strong>vulnera</strong></span> <span class='ocrx_word' id='word_1_53' title='bbox 979 968 1148 1039; x_wconf 90' lang='lat' dir='ltr'><strong>tergo</strong></span> <span class='ocrx_word' id='word_1_54' title='bbox 1217 961 1426 1020; x_wconf 88' lang='lat' dir='ltr'><strong>ferant.</strong></span> <span class='ocrx_word' id='word_1_55' title='bbox 1528 961 1798 1038; x_wconf 91' lang='lat' dir='ltr'><strong>proprios</strong></span> <span class='ocrx_word' id='word_1_56' title='bbox 1860 960 2006 1019; x_wconf 91' lang='lat' dir='ltr'><strong>inde</strong></span> 
     </span>
     <span class='ocr_line' id='line_1_9' title="bbox 203 1056 2007 1135; baseline 0.001 -20"><span class='ocrx_word' id='word_1_57' title='bbox 203 1056 474 1116; x_wconf 89' lang='lat' dir='ltr'><strong>stimulos</strong></span> <span class='ocrx_word' id='word_1_58' title='bbox 513 1056 844 1135; x_wconf 86' lang='lat' dir='ltr'><strong>legionibus</strong></span> <span class='ocrx_word' id='word_1_59' title='bbox 887 1056 1263 1129; x_wconf 87' lang='lat' dir='ltr'><strong>admovebat,</strong></span> <span class='ocrx_word' id='word_1_60' title='bbox 1295 1058 1618 1118; x_wconf 88' lang='lat' dir='ltr'><strong>domitores</strong></span> <span class='ocrx_word' id='word_1_61' title='bbox 1655 1057 2007 1116; x_wconf 77' lang='lat' dir='ltr'><strong>Britanniae</strong></span> 
     </span>
     <span class='ocr_line' id='line_1_10' title="bbox 203 1154 2008 1235; baseline 0.001 -23"><span class='ocrx_word' id='word_1_62' title='bbox 203 1154 776 1231; x_wconf 87' lang='lat' dir='ltr'><strong>quartadecumanos</strong></span> <span class='ocrx_word' id='word_1_63' title='bbox 819 1155 1159 1233; x_wconf 83' lang='lat' dir='ltr'><strong>appellans3</strong></span> <span class='ocrx_word' id='word_1_64' title='bbox 1204 1156 1530 1235; x_wconf 90' lang='lat' dir='ltr'><strong>principem</strong></span> <span class='ocrx_word' id='word_1_65' title='bbox 1574 1155 1827 1215; x_wconf 88' lang='lat' dir='ltr'><strong>Galbam</strong></span> <span class='ocrx_word' id='word_1_66' title='bbox 1876 1175 2008 1214; x_wconf 86' lang='lat' dir='ltr'><strong>sex-</strong></span> 
     </span>
     <span class='ocr_line' id='line_1_11' title="bbox 202 1251 2004 1330; baseline 0 -19"><span class='ocrx_word' id='word_1_67' title='bbox 202 1258 299 1311; x_wconf 89' lang='lat' dir='ltr'><strong>tae</strong></span> <span class='ocrx_word' id='word_1_68' title='bbox 355 1251 605 1330; x_wconf 86' lang='lat' dir='ltr'><strong>legionis</strong></span> <span class='ocrx_word' id='word_1_69' title='bbox 662 1252 1016 1312; x_wconf 88' lang='lat' dir='ltr'><strong>auctoritate</strong></span> <span class='ocrx_word' id='word_1_70' title='bbox 1077 1252 1342 1326; x_wconf 70' lang='lat' dir='ltr'><strong>factum,</strong></span> <span class='ocrx_word' id='word_1_71' title='bbox 1405 1252 1508 1311; x_wconf 92' lang='lat' dir='ltr'><strong>illa</strong></span> <span class='ocrx_word' id='word_1_72' title='bbox 1561 1253 1821 1329; x_wconf 90' lang='lat' dir='ltr'><strong>primum</strong></span> <span class='ocrx_word' id='word_1_73' title='bbox 1878 1252 2004 1311; x_wconf 86' lang='lat' dir='ltr'><strong>acie</strong></span> 
     </span>
     <span class='ocr_line' id='line_1_12' title="bbox 202 1348 1998 1429; baseline 0.001 -22"><span class='ocrx_word' id='word_1_74' title='bbox 202 1348 567 1408; x_wconf 87' lang='lat' dir='ltr'><strong>secundanos</strong></span> <span class='ocrx_word' id='word_1_75' title='bbox 609 1368 766 1408; x_wconf 90' lang='lat' dir='ltr'><strong>nova</strong></span> <span class='ocrx_word' id='word_1_76' title='bbox 807 1350 977 1429; x_wconf 90' lang='lat' dir='ltr'><strong>signa</strong></span> <span class='ocrx_word' id='word_1_77' title='bbox 1016 1370 1353 1427; x_wconf 86' lang='lat' dir='ltr'><strong>novamque</strong></span> <span class='ocrx_word' id='word_1_78' title='bbox 1383 1349 1642 1428; x_wconf 88' lang='lat' dir='ltr'><strong>aquilam</strong></span> <span class='ocrx_word' id='word_1_79' title='bbox 1681 1350 1998 1409; x_wconf 73' lang='lat' dir='ltr'><strong>dicaturos</strong></span> 
     </span>
    </p>

    <p class='ocr_par' dir='ltr' id='par_1_3' title="bbox 113 1447 2004 1915">
     <span class='ocr_line' id='line_1_13' title="bbox 113 1447 2004 1526; baseline -0.001 -19"><span class='ocrx_word' id='word_1_80' title='bbox 113 1470 177 1507; x_wconf 91' lang='lat'><strong>20</strong></span> <span class='ocrx_word' id='word_1_81' title='bbox 200 1448 339 1507; x_wconf 91' lang='lat' dir='ltr'><strong>hinc</strong></span> <span class='ocrx_word' id='word_1_82' title='bbox 395 1455 746 1526; x_wconf 86' lang='lat' dir='ltr'><strong>praevectus</strong></span> <span class='ocrx_word' id='word_1_83' title='bbox 802 1447 877 1507; x_wconf 90' lang='lat' dir='ltr'><strong>ad</strong></span> <span class='ocrx_word' id='word_1_84' title='bbox 935 1448 1356 1507; x_wconf 88' lang='lat' dir='ltr'><strong>Germanicum</strong></span> <span class='ocrx_word' id='word_1_85' title='bbox 1412 1448 1739 1507; x_wconf 87' lang='lat' dir='ltr'><strong>exercitum</strong></span> <span class='ocrx_word' id='word_1_86' title='bbox 1788 1467 2004 1511; x_wconf 87' lang='lat' dir='ltr'><strong>manus</strong></span> 
     </span>
     <span class='ocr_line' id='line_1_14' title="bbox 201 1543 2002 1623; baseline 0.001 -21"><span class='ocrx_word' id='word_1_87' title='bbox 201 1543 505 1619; x_wconf 83' lang='lat' dir='ltr'><strong>tendebat,</strong></span> <span class='ocrx_word' id='word_1_88' title='bbox 535 1552 605 1603; x_wconf 89' lang='lat' dir='ltr'><strong>ut</strong></span> <span class='ocrx_word' id='word_1_89' title='bbox 633 1564 800 1603; x_wconf 89' lang='lat' dir='ltr'><strong>suam</strong></span> <span class='ocrx_word' id='word_1_90' title='bbox 831 1544 1037 1622; x_wconf 90' lang='lat' dir='ltr'><strong>ripam,</strong></span> <span class='ocrx_word' id='word_1_91' title='bbox 1063 1564 1170 1604; x_wconf 90' lang='lat' dir='ltr'><strong>sua</strong></span> <span class='ocrx_word' id='word_1_92' title='bbox 1201 1556 1393 1605; x_wconf 89' lang='lat' dir='ltr'><strong>castra</strong></span> <span class='ocrx_word' id='word_1_93' title='bbox 1420 1545 1707 1623; x_wconf 89' lang='lat' dir='ltr'><strong>sanguine</strong></span> <span class='ocrx_word' id='word_1_94' title='bbox 1736 1544 2002 1603; x_wconf 89' lang='lat' dir='ltr'><strong>hostium</strong></span> 
     </span>
     <span class='ocr_line' id='line_1_15' title="bbox 201 1642 2001 1719; baseline 0 -19"><span class='ocrx_word' id='word_1_95' title='bbox 201 1642 614 1719; x_wconf 77' lang='lat' dir='ltr'><strong>reciperarent.</strong></span> <span class='ocrx_word' id='word_1_96' title='bbox 701 1642 948 1701; x_wconf 87' lang='lat' dir='ltr'><strong>alacrior</strong></span> <span class='ocrx_word' id='word_1_97' title='bbox 997 1642 1264 1702; x_wconf 90' lang='lat' dir='ltr'><strong>omnium</strong></span> <span class='ocrx_word' id='word_1_98' title='bbox 1319 1642 1554 1714; x_wconf 90' lang='lat' dir='ltr'><strong>clamor,</strong></span> <span class='ocrx_word' id='word_1_99' title='bbox 1608 1642 1740 1719; x_wconf 89' lang='lat' dir='ltr'><strong>quis</strong></span> <span class='ocrx_word' id='word_1_100' title='bbox 1783 1642 1881 1701; x_wconf 88' lang='lat' dir='ltr'><strong>vel</strong></span> <span class='ocrx_word' id='word_1_101' title='bbox 1926 1663 2001 1702; x_wconf 85' lang='lat' dir='ltr'><strong>ex</strong></span> 
     </span>
     <span class='ocr_line' id='line_1_16' title="bbox 200 1738 1997 1818; baseline 0 -20"><span class='ocrx_word' id='word_1_102' title='bbox 200 1739 378 1818; x_wconf 87' lang='lat' dir='ltr'><strong>longa</strong></span> <span class='ocrx_word' id='word_1_103' title='bbox 420 1759 561 1816; x_wconf 88' lang='lat' dir='ltr'><strong>pace</strong></span> <span class='ocrx_word' id='word_1_104' title='bbox 605 1738 814 1817; x_wconf 90' lang='lat' dir='ltr'><strong>proelii</strong></span> <span class='ocrx_word' id='word_1_105' title='bbox 853 1738 1068 1817; x_wconf 89' lang='lat' dir='ltr'><strong>cupido</strong></span> <span class='ocrx_word' id='word_1_106' title='bbox 1097 1740 1194 1799; x_wconf 89' lang='lat' dir='ltr'><strong>vel</strong></span> <span class='ocrx_word' id='word_1_107' title='bbox 1221 1739 1390 1800; x_wconf 87' lang='lat' dir='ltr'><strong>fessis</strong></span> <span class='ocrx_word' id='word_1_108' title='bbox 1418 1739 1575 1799; x_wconf 90' lang='lat' dir='ltr'><strong>bello</strong></span> <span class='ocrx_word' id='word_1_109' title='bbox 1617 1740 1777 1817; x_wconf 88' lang='lat' dir='ltr'><strong>pacis</strong></span> <span class='ocrx_word' id='word_1_110' title='bbox 1815 1760 1997 1811; x_wconf 89' lang='lat' dir='ltr'><strong>amor,</strong></span> 
     </span>
     <span class='ocr_line' id='line_1_17' title="bbox 200 1835 1725 1915; baseline 0 -19"><span class='ocrx_word' id='word_1_111' title='bbox 200 1835 579 1915; x_wconf 89' lang='lat' dir='ltr'><strong>praemiaque</strong></span> <span class='ocrx_word' id='word_1_112' title='bbox 609 1844 670 1896; x_wconf 89' lang='lat' dir='ltr'><strong>et</strong></span> <span class='ocrx_word' id='word_1_113' title='bbox 698 1837 865 1915; x_wconf 90' lang='lat' dir='ltr'><strong>quies</strong></span> <span class='ocrx_word' id='word_1_114' title='bbox 893 1837 956 1897; x_wconf 90' lang='lat' dir='ltr'><strong>in</strong></span> <span class='ocrx_word' id='word_1_115' title='bbox 985 1845 1291 1915; x_wconf 88' lang='lat' dir='ltr'><strong>posterum</strong></span> <span class='ocrx_word' id='word_1_116' title='bbox 1319 1837 1725 1915; x_wconf 78' lang='lat' dir='ltr'><strong>sperabantur.</strong></span> 
     </span>
    </p>

    <p class='ocr_par' dir='ltr' id='par_1_4' title="bbox 96 1934 2001 2306">
     <span class='ocr_line' id='line_1_18' title="bbox 96 1934 1999 2009; baseline 0.002 -16"><span class='ocrx_word' id='word_1_117' title='bbox 96 1942 175 2006; x_wconf 80' lang='lat'><strong>17</strong></span> <span class='ocrx_word' id='word_1_118' title='bbox 283 1934 482 1994; x_wconf 91' lang='lat' dir='ltr'><strong>XVII.</strong></span> <span class='ocrx_word' id='word_1_119' title='bbox 529 1934 656 1994; x_wconf 89' lang='lat' dir='ltr'><strong>Nec</strong></span> <span class='ocrx_word' id='word_1_120' title='bbox 706 1934 914 1995; x_wconf 86' lang='lat' dir='ltr'><strong>Civilis</strong></span> <span class='ocrx_word' id='word_1_121' title='bbox 971 1935 1150 1995; x_wconf 90' lang='lat' dir='ltr'><strong>silens</strong></span> <span class='ocrx_word' id='word_1_122' title='bbox 1207 1936 1495 1995; x_wconf 82' lang='lat' dir='ltr'><strong>instruxit</strong></span> <span class='ocrx_word' id='word_1_123' title='bbox 1549 1936 1752 2009; x_wconf 86' lang='lat' dir='ltr'><strong>aciem,</strong></span> <span class='ocrx_word' id='word_1_124' title='bbox 1802 1935 1999 1996; x_wconf 92' lang='lat' dir='ltr'><strong>locum</strong></span> 
     </span>
     <span class='ocr_line' id='line_1_19' title="bbox 201 2032 2001 2111; baseline 0 -19"><span class='ocrx_word' id='word_1_125' title='bbox 201 2052 433 2111; x_wconf 89' lang='lat' dir='ltr'><strong>pugnae</strong></span> <span class='ocrx_word' id='word_1_126' title='bbox 475 2040 691 2092; x_wconf 89' lang='lat' dir='ltr'><strong>testem</strong></span> <span class='ocrx_word' id='word_1_127' title='bbox 732 2033 975 2092; x_wconf 88' lang='lat' dir='ltr'><strong>virtutis</strong></span> <span class='ocrx_word' id='word_1_128' title='bbox 1017 2034 1212 2092; x_wconf 90' lang='lat' dir='ltr'><strong>ciens:</strong></span> <span class='ocrx_word' id='word_1_129' title='bbox 1256 2041 1412 2092; x_wconf 89' lang='lat' dir='ltr'><strong>stare</strong></span> <span class='ocrx_word' id='word_1_130' title='bbox 1457 2032 1787 2092; x_wconf 87' lang='lat' dir='ltr'><strong>Germanos</strong></span> <span class='ocrx_word' id='word_1_131' title='bbox 1832 2034 2001 2093; x_wconf 89' lang='lat' dir='ltr'><strong>Bata-</strong></span> 
     </span>
     <span class='ocr_line' id='line_1_20' title="bbox 202 2129 1998 2209; baseline 0 -20"><span class='ocrx_word' id='word_1_132' title='bbox 202 2150 423 2209; x_wconf 87' lang='lat' dir='ltr'><strong>vosque</strong></span> <span class='ocrx_word' id='word_1_133' title='bbox 445 2150 623 2208; x_wconf 89' lang='lat' dir='ltr'><strong>super</strong></span> <span class='ocrx_word' id='word_1_134' title='bbox 642 2129 896 2208; x_wconf 88' lang='lat' dir='ltr'><strong>vestigia</strong></span> <span class='ocrx_word' id='word_1_135' title='bbox 914 2129 1155 2208; x_wconf 87' lang='lat' dir='ltr'><strong>gloriae,</strong></span> <span class='ocrx_word' id='word_1_136' title='bbox 1181 2130 1406 2189; x_wconf 87' lang='lat' dir='ltr'><strong>cineres</strong></span> <span class='ocrx_word' id='word_1_137' title='bbox 1428 2149 1675 2207; x_wconf 86' lang='lat' dir='ltr'><strong>ossaque</strong></span> <span class='ocrx_word' id='word_1_138' title='bbox 1696 2129 1998 2207; x_wconf 88' lang='lat' dir='ltr'><strong>legionum</strong></span> 
     </span>
     <span class='ocr_line' id='line_1_21' title="bbox 202 2225 1995 2306; baseline -0.001 -18"><span class='ocrx_word' id='word_1_139' title='bbox 202 2228 510 2288; x_wconf 69' lang='lat' dir='ltr'><strong>calcantes</strong></span> <span class='ocrx_word' id='word_1_140' title='bbox 598 2247 970 2306; x_wconf 89' lang='lat' dir='ltr'><strong>quocumque</strong></span> <span class='ocrx_word' id='word_1_141' title='bbox 1027 2227 1227 2287; x_wconf 86' lang='lat' dir='ltr'><strong>oculos</strong></span> <span class='ocrx_word' id='word_1_142' title='bbox 1283 2227 1588 2287; x_wconf 89' lang='lat' dir='ltr'><strong>Romanus</strong></span> <span class='ocrx_word' id='word_1_143' title='bbox 1636 2225 1995 2300; x_wconf 88' lang='lat' dir='ltr'><strong>intenderet,</strong></span> 
     </span>
    </p>

    <p class='ocr_par' dir='ltr' id='par_1_5' title="bbox 148 2323 2000 2791">
     <span class='ocr_line' id='line_1_22' title="bbox 148 2323 1999 2407; baseline 0 -23"><span class='ocrx_word' id='word_1_144' title='bbox 148 2353 175 2407; x_wconf 83' lang='lat'>5</span> <span class='ocrx_word' id='word_1_145' title='bbox 201 2325 614 2403; x_wconf 89' lang='lat' dir='ltr'><strong>captivitatem</strong></span> <span class='ocrx_word' id='word_1_146' title='bbox 651 2324 998 2402; x_wconf 88' lang='lat' dir='ltr'><strong>clademque</strong></span> <span class='ocrx_word' id='word_1_147' title='bbox 1029 2331 1090 2383; x_wconf 91' lang='lat' dir='ltr'><strong>et</strong></span> <span class='ocrx_word' id='word_1_148' title='bbox 1118 2323 1250 2383; x_wconf 90' lang='lat' dir='ltr'><strong>dira</strong></span> <span class='ocrx_word' id='word_1_149' title='bbox 1279 2323 1481 2383; x_wconf 91' lang='lat' dir='ltr'><strong>omnia</strong></span> <span class='ocrx_word' id='word_1_150' title='bbox 1519 2323 1835 2382; x_wconf 89' lang='lat' dir='ltr'><strong>obversari.</strong></span> <span class='ocrx_word' id='word_1_151' title='bbox 1923 2344 1999 2384; x_wconf 88' lang='lat' dir='ltr'><strong>ne</strong></span> 
     </span>
     <span class='ocr_line' id='line_1_23' title="bbox 204 2420 1999 2499; baseline -0.001 -17"><span class='ocrx_word' id='word_1_152' title='bbox 204 2429 571 2483; x_wconf 90' lang='lat' dir='ltr'><strong>terrerentur</strong></span> <span class='ocrx_word' id='word_1_153' title='bbox 598 2421 763 2480; x_wconf 85' lang='lat' dir='ltr'><strong>vario</strong></span> <span class='ocrx_word' id='word_1_154' title='bbox 793 2421 1094 2480; x_wconf 86' lang='lat' dir='ltr'><strong>Treverici</strong></span> <span class='ocrx_word' id='word_1_155' title='bbox 1133 2421 1342 2499; x_wconf 90' lang='lat' dir='ltr'><strong>proelii</strong></span> <span class='ocrx_word' id='word_1_156' title='bbox 1371 2429 1628 2480; x_wconf 87' lang='lat' dir='ltr'><strong>eventu:</strong></span> <span class='ocrx_word' id='word_1_157' title='bbox 1671 2440 1837 2479; x_wconf 91' lang='lat' dir='ltr'><strong>suam</strong></span> <span class='ocrx_word' id='word_1_158' title='bbox 1878 2420 1999 2480; x_wconf 92' lang='lat' dir='ltr'><strong>illic</strong></span> 
     </span>
     <span class='ocr_line' id='line_1_24' title="bbox 201 2517 1999 2590; baseline -0.003 -10"><span class='ocrx_word' id='word_1_159' title='bbox 201 2520 511 2581; x_wconf 83' lang='lat' dir='ltr'><strong>victoriam</strong></span> <span class='ocrx_word' id='word_1_160' title='bbox 581 2519 896 2579; x_wconf 86' lang='lat' dir='ltr'><strong>Germanis</strong></span> <span class='ocrx_word' id='word_1_161' title='bbox 965 2519 1285 2590; x_wconf 89' lang='lat' dir='ltr'><strong>obstitisse,</strong></span> <span class='ocrx_word' id='word_1_162' title='bbox 1350 2517 1494 2577; x_wconf 89' lang='lat' dir='ltr'><strong>dum</strong></span> <span class='ocrx_word' id='word_1_163' title='bbox 1562 2517 1796 2577; x_wconf 90' lang='lat' dir='ltr'><strong>omissis</strong></span> <span class='ocrx_word' id='word_1_164' title='bbox 1863 2517 1999 2577; x_wconf 87' lang='lat' dir='ltr'><strong>telis</strong></span> 
     </span>
     <span class='ocr_line' id='line_1_25' title="bbox 198 2616 2000 2698; baseline -0.003 -19"><span class='ocrx_word' id='word_1_165' title='bbox 198 2618 421 2698; x_wconf 89' lang='lat' dir='ltr'><strong>praeda</strong></span> <span class='ocrx_word' id='word_1_166' title='bbox 462 2637 673 2677; x_wconf 92' lang='lat' dir='ltr'><strong>manus</strong></span> <span class='ocrx_word' id='word_1_167' title='bbox 719 2616 1097 2695; x_wconf 88' lang='lat' dir='ltr'><strong>impediunt:</strong></span> <span class='ocrx_word' id='word_1_168' title='bbox 1141 2616 1245 2675; x_wconf 87' lang='lat' dir='ltr'><strong>sed</strong></span> <span class='ocrx_word' id='word_1_169' title='bbox 1283 2623 1496 2675; x_wconf 88' lang='lat' dir='ltr'><strong>cuncta</strong></span> <span class='ocrx_word' id='word_1_170' title='bbox 1536 2635 1676 2674; x_wconf 87' lang='lat' dir='ltr'><strong>mox</strong></span> <span class='ocrx_word' id='word_1_171' title='bbox 1718 2635 2000 2694; x_wconf 89' lang='lat' dir='ltr'><strong>prospera</strong></span> 
     </span>
     <span class='ocr_line' id='line_1_26' title="bbox 201 2712 1999 2791; baseline -0.002 -15"><span class='ocrx_word' id='word_1_172' title='bbox 201 2725 262 2776; x_wconf 87' lang='lat' dir='ltr'><strong>et</strong></span> <span class='ocrx_word' id='word_1_173' title='bbox 329 2716 490 2775; x_wconf 89' lang='lat' dir='ltr'><strong>hosti</strong></span> <span class='ocrx_word' id='word_1_174' title='bbox 559 2715 855 2774; x_wconf 89' lang='lat' dir='ltr'><strong>contraria</strong></span> <span class='ocrx_word' id='word_1_175' title='bbox 924 2714 1208 2773; x_wconf 89' lang='lat' dir='ltr'><strong>evenisse.</strong></span> <span class='ocrx_word' id='word_1_176' title='bbox 1295 2733 1445 2791; x_wconf 89' lang='lat' dir='ltr'><strong>quae</strong></span> <span class='ocrx_word' id='word_1_177' title='bbox 1506 2712 1809 2790; x_wconf 89' lang='lat' dir='ltr'><strong>provideri</strong></span> <span class='ocrx_word' id='word_1_178' title='bbox 1864 2721 1999 2773; x_wconf 90' lang='lat' dir='ltr'><strong>astu</strong></span> 
     </span>
    </p>

    <p class='ocr_par' dir='ltr' id='par_1_6' title="bbox 119 2809 2000 3277">
     <span class='ocr_line' id='line_1_27' title="bbox 119 2809 1998 2890; baseline -0.003 -14"><span class='ocrx_word' id='word_1_179' title='bbox 119 2843 175 2878; x_wconf 83' lang='lat'><strong>10</strong></span> <span class='ocrx_word' id='word_1_180' title='bbox 199 2814 367 2873; x_wconf 89' lang='lat' dir='ltr'><strong>ducis</strong></span> <span class='ocrx_word' id='word_1_181' title='bbox 398 2811 746 2890; x_wconf 87' lang='lat' dir='ltr'><strong>oportuerit,</strong></span> <span class='ocrx_word' id='word_1_182' title='bbox 778 2810 1124 2887; x_wconf 87' lang='lat' dir='ltr'><strong>providisse,</strong></span> <span class='ocrx_word' id='word_1_183' title='bbox 1159 2830 1395 2888; x_wconf 88' lang='lat' dir='ltr'><strong>campos</strong></span> <span class='ocrx_word' id='word_1_184' title='bbox 1428 2809 1738 2871; x_wconf 89' lang='lat' dir='ltr'><strong>madentes</strong></span> <span class='ocrx_word' id='word_1_185' title='bbox 1766 2818 1828 2869; x_wconf 89' lang='lat' dir='ltr'><strong>et</strong></span> <span class='ocrx_word' id='word_1_186' title='bbox 1854 2811 1998 2889; x_wconf 89' lang='lat' dir='ltr'><strong>ipsis</strong></span> 
     </span>
     <span class='ocr_line' id='line_1_28' title="bbox 197 2906 2000 2990; baseline -0.002 -19"><span class='ocrx_word' id='word_1_187' title='bbox 197 2931 429 2990; x_wconf 77' lang='lat' dir='ltr'><strong>gnarOS‚</strong></span> <span class='ocrx_word' id='word_1_188' title='bbox 480 2909 725 2988; x_wconf 89' lang='lat' dir='ltr'><strong>paludes</strong></span> <span class='ocrx_word' id='word_1_189' title='bbox 776 2908 1048 2968; x_wconf 88' lang='lat' dir='ltr'><strong>hostibus</strong></span> <span class='ocrx_word' id='word_1_190' title='bbox 1103 2908 1330 2967; x_wconf 85' lang='lat' dir='ltr'><strong>noxias.</strong></span> <span class='ocrx_word' id='word_1_191' title='bbox 1415 2906 1697 2967; x_wconf 82' lang='lat' dir='ltr'><strong>Rhenum</strong></span> <span class='ocrx_word' id='word_1_192' title='bbox 1745 2916 1809 2968; x_wconf 92' lang='lat' dir='ltr'><strong>et</strong></span> <span class='ocrx_word' id='word_1_193' title='bbox 1854 2909 2000 2969; x_wconf 85' lang='lat' dir='ltr'><strong>Ger-</strong></span> 
     </span>
     <span class='ocr_line' id='line_1_29' title="bbox 199 3004 1999 3084; baseline -0.001 -17"><span class='ocrx_word' id='word_1_194' title='bbox 199 3009 430 3067; x_wconf 88' lang='lat' dir='ltr'><strong>maniae</strong></span> <span class='ocrx_word' id='word_1_195' title='bbox 488 3008 629 3066; x_wconf 89' lang='lat' dir='ltr'><strong>deos</strong></span> <span class='ocrx_word' id='word_1_196' title='bbox 685 3006 748 3065; x_wconf 90' lang='lat' dir='ltr'><strong>in</strong></span> <span class='ocrx_word' id='word_1_197' title='bbox 805 3004 1129 3083; x_wconf 87' lang='lat' dir='ltr'><strong>adspectu:</strong></span> <span class='ocrx_word' id='word_1_198' title='bbox 1195 3025 1447 3083; x_wconf 91' lang='lat' dir='ltr'><strong>quorum</strong></span> <span class='ocrx_word' id='word_1_199' title='bbox 1502 3007 1748 3066; x_wconf 88' lang='lat' dir='ltr'><strong>numine</strong></span> <span class='ocrx_word' id='word_1_200' title='bbox 1806 3026 1999 3084; x_wconf 88' lang='lat' dir='ltr'><strong>capes-</strong></span> 
     </span>
     <span class='ocr_line' id='line_1_30' title="bbox 199 3102 1999 3180; baseline -0.001 -19"><span class='ocrx_word' id='word_1_201' title='bbox 199 3112 398 3162; x_wconf 88' lang='lat' dir='ltr'><strong>serent</strong></span> <span class='ocrx_word' id='word_1_202' title='bbox 425 3122 703 3180; x_wconf 90' lang='lat' dir='ltr'><strong>pugnam‚</strong></span> <span class='ocrx_word' id='word_1_203' title='bbox 728 3102 1048 3178; x_wconf 87' lang='lat' dir='ltr'><strong>coniugum</strong></span> <span class='ocrx_word' id='word_1_204' title='bbox 1077 3109 1393 3179; x_wconf 88' lang='lat' dir='ltr'><strong>parentum</strong></span> <span class='ocrx_word' id='word_1_205' title='bbox 1422 3102 1651 3179; x_wconf 89' lang='lat' dir='ltr'><strong>patriae</strong></span> <span class='ocrx_word' id='word_1_206' title='bbox 1679 3122 1999 3163; x_wconf 88' lang='lat' dir='ltr'><strong>memores:</strong></span> 
     </span>
     <span class='ocr_line' id='line_1_31' title="bbox 197 3198 2000 3277; baseline 0.003 -23"><span class='ocrx_word' id='word_1_207' title='bbox 197 3198 367 3255; x_wconf 88' lang='lat' dir='ltr'><strong>illum</strong></span> <span class='ocrx_word' id='word_1_208' title='bbox 397 3199 554 3256; x_wconf 91' lang='lat' dir='ltr'><strong>diem</strong></span> <span class='ocrx_word' id='word_1_209' title='bbox 583 3204 688 3256; x_wconf 91' lang='lat' dir='ltr'><strong>aut</strong></span> <span class='ocrx_word' id='word_1_210' title='bbox 715 3198 1202 3274; x_wconf 89' lang='lat' dir='ltr'><strong>gloriosissimum</strong></span> <span class='ocrx_word' id='word_1_211' title='bbox 1231 3199 1392 3257; x_wconf 88' lang='lat' dir='ltr'><strong>inter</strong></span> <span class='ocrx_word' id='word_1_212' title='bbox 1417 3198 1668 3259; x_wconf 88' lang='lat' dir='ltr'><strong>maiores</strong></span> <span class='ocrx_word' id='word_1_213' title='bbox 1704 3207 1809 3258; x_wconf 90' lang='lat' dir='ltr'><strong>aut</strong></span> <span class='ocrx_word' id='word_1_214' title='bbox 1835 3200 2000 3277; x_wconf 86' lang='lat' dir='ltr'><strong>igno-</strong></span> 
     </span>
    </p>

    <p class='ocr_par' dir='ltr' id='par_1_7' title="bbox 120 3292 1997 3369">
     <span class='ocr_line' id='line_1_32' title="bbox 120 3292 1997 3369; baseline 0.005 -22"><span class='ocrx_word' id='word_1_215' title='bbox 120 3312 174 3363; x_wconf 81' lang='grc' dir='ltr'><strong>ις</strong></span> <span class='ocrx_word' id='word_1_216' title='bbox 200 3292 515 3350; x_wconf 90' lang='lat' dir='ltr'><strong>miniosum</strong></span> <span class='ocrx_word' id='word_1_217' title='bbox 570 3293 729 3368; x_wconf 89' lang='lat' dir='ltr'><strong>apud</strong></span> <span class='ocrx_word' id='word_1_218' title='bbox 777 3299 1044 3369; x_wconf 90' lang='lat' dir='ltr'><strong>posteros</strong></span> <span class='ocrx_word' id='word_1_219' title='bbox 1091 3294 1232 3353; x_wconf 88' lang='lat' dir='ltr'><strong>fore.</strong></span> <span class='ocrx_word' id='word_1_220' title='bbox 1341 3294 1443 3354; x_wconf 90' lang='lat' dir='ltr'><strong>ubi</strong></span> <span class='ocrx_word' id='word_1_221' title='bbox 1492 3315 1639 3355; x_wconf 90' lang='lat' dir='ltr'><strong>sono</strong></span> <span class='ocrx_word' id='word_1_222' title='bbox 1697 3315 1997 3356; x_wconf 89' lang='lat' dir='ltr'><strong>armorum</strong></span> 
     </span>
    </p>
   </div>
  </div>
 </body>
</html>
