2261 3684
1438 364 1443 368 ·
1528 334 1607 401 >s

1128 482 1179 527 β’
1350 420 1479 501 ‘pf-³

1408 512 1417 531 N

1164 508 1343 655 w
1420 540 1517 613 2-

593 802 1567 959 HISTORJARUM
1594 890 1601 897 ·

877 1069 1144 1134 LIBER
1200 1068 1279 1132 V.

255 1277 306 1338 Ι.
349 1277 637 1339 Eiusdem
678 1279 819 1339 anni
860 1278 1153 1357 principio
1262 1297 1429 1338 aesar
1473 1277 1663 1353 Titus,
1692 1279 1979 1358 ¹perdom-
2002 1279 2039 1342 1

173 1374 367 1434 andae
394 1374 650 1435 Iudaeae
678 1375 946 1435 delectus
982 1396 1019 1435 a
1050 1277 1327 1531 patreieln
1366 1376 1618 1454 privatis
1666 1378 1976 1457 utriusque

173 1473 355 1533 rebus
394 1472 626 1532 militias
647 1473 858 1547 clarus,
890 1473 1112 1533 maiore
1154 1479 1223 1532 tu
1327 1472 1388 1532 vi
1422 1473 1699 1552 famaque
1742 1476 1974 1554 agebat,

174 1569 542 1630 certantibus
563 1564 1002 1648 provinciarum
1024 1578 1087 1630 et
1107 1571 1482 1630 exercituum
1499 1570 1729 1633 studiis.
1796 1580 1976 1652 atque

172 1668 320 1746 ipse,
350 1674 420 1727 ut
449 1687 627 1747 super
652 1667 957 1729 fortunam
978 1667 1334 1740 crederetur,
1361 1667 1641 1729 decorum
1682 1690 1744 1731 se
1785 1688 1978 1750 prom·
2005 1690 2034 1745 5

172 1773 468 1845 ptumque
507 1765 572 1824 in
614 1765 795 1841 armis
837 1764 1208 1839 ostendebat,
1255 1766 1536 1826 comitate
1676 1825 1686 1836 ,

173 1870 238 1923 et
292 1861 586 1940 adloquiis
642 1853 831 1921 o'fficia
884 1882 1214 1941 provocans
1269 1883 1336 1923 ac
1388 1863 1540 1941 pler·
1579 1826 1981 1969 ffffuioum

172 1979 396 2037 umque
450 1960 515 2018 in
576 1978 771 2038 opere,
827 1959 893 2018 in
962 1960 1196 2038 agmine
1263 1961 1534 2040 gregario

172 2056 354 2138 militi
407 2056 651 2129 mixtus,
705 2056 1052 2135 incorrupto
1105 2057 1274 2117 ducis
1321 2057 1562 2118 honore.
1616 2129 1619 2130 γ
1665 2063 1786 2117 tres
1841 2076 1977 2116 eum

172 2154 238 2213 in
307 2153 530 2214 Iudaea
596 2153 873 2233 legiones,
932 2154 1148 2232 quinta
1210 2160 1273 2215 et
1333 2153 1583 2215 decuma
1643 2161 1705 2217 et
1765 2153 1980 2232 quinta
2008 2182 2069 2218 10

172 2252 439 2325 decuma,
491 2258 665 2312 vetus
705 2240 1060 2330 Vespasiani
1101 2251 1291 2324 miles,
1336 2272 1636 2331 excepere.
1743 2249 1979 2311 addidit

172 2369 205 2410 e
289 2349 465 2409 Suria
547 2347 981 2409 duodecumam
1072 2356 1136 2409 et
1224 2348 1518 2409 adductos
1606 2347 1989 2408 Alexandria·

171 2445 789 2507 duoetvicensimanos
913 2446 1322 2524 tertianosque
1353 2468 1370 2520 3
1535 2445 1979 2506 comitabantur

169 2543 391 2623 viginti
453 2544 645 2604 sociae
702 2543 992 2619 cohortes,
1052 2550 1186 2603 octo
1249 2543 1521 2622 equitum
1588 2542 1734 2614 alae,
1799 2543 1977 2603 simul

170 2641 444 2720 Agrippa
511 2639 992 2719 ¹Sohaemusque
1094 2660 1264 2719 reges
1367 2648 1429 2700 et
1514 2640 1741 2726 auxilia
1807 2660 1884 2710 ,re
1930 2640 1977 2701 's
2008 2667 2065 2728 ¹5
2134 2706 2171 2724 v

169 2737 459 2798 Antiochi
485 2767 496 2808 ,κ
526 2736 844 2820 validaque
899 2745 977 2798 et
1044 2737 1221 2797 solito
1302 2737 1464 2798 inter
1543 2721 1779 2827 399ρῇἰὲ
1788 2731 1809 2748 ’”
1839 2661 2009 2800 ὅξιῧς
2034 2718 2071 2742 '⁴
2086 2719 2109 2732 ⁴

168 2836 404 2922 infensa
445 2834 683 2922 Iudaeis
722 2834 993 2895 Arabum
1034 2854 1246 2894 manus
1286 2834 1597 2913 multique,
1639 2855 1788 2914 quos
1829 2837 1975 2897 urbe

168 2940 352 3011 atque
408 2931 587 3010 Italia
627 2951 733 2991 sua
779 2951 1076 3014 quemque
1121 2950 1256 3010 spes
1303 2931 1598 2992 acciverat
1646 2932 1974 3011 occupandi

165 3029 501 3109 principem
569 3027 733 3089 adhu
830 3048 1099 3088 vacuum.
1216 3028 1311 3088 his
1375 3049 1512 3089 cum
1576 3029 1760 3108 copiis
1828 3030 1974 3089 fines

166 3128 438 3189 hostium
464 3048 783 3206 ingressu}
793 3126 1123 3204 composito
1146 3126 1399 3205 agmine,
1420 3117 1639 3186 ‘cuncta
1658 3126 1975 3205 explorans
2003 3153 2069 3190 20

165 3233 532 3304 paratusque
560 3201 893 3314 decernere,
924 3223 1088 3283 haud
1104 3223 1311 3301 procul
1330 3222 1762 3303 Hierosolymis
1784 3231 1978 3287 castra

164 3323 325 3383 facit.
593 3359 604 3390 κ,
637 3374 651 3382 .
1814 3387 1828 3402 ,
2174 3397 2211 3422 22

604 3376 771 3501 w
1026 3451 1122 3502 125
2142 3425 2173 3468 ‘²'
