2261 3684
251 237 361 298 106
785 236 1177 299 CORNELII
1220 239 1325 301 TA
1336 240 1419 300 C'I
1420 242 1506 301 TI

192 408 220 461 5
243 400 475 460 maniae
506 400 917 460 communibus
960 401 1088 461 deis
1116 408 1180 461 et
1219 400 1537 479 praecipuo
1579 401 1828 462 deorum
1857 402 2048 461 Marti

243 506 440 577 grates
488 498 733 576 agimus,
793 498 1079 576 vobisque
1135 499 1522 577 gratulamur,
1582 499 1741 577 quod
1798 499 2046 558 tandem

242 595 414 656 liberi
442 596 603 654 inter
628 595 845 655 liberos
876 596 1041 655 eritis
1065 619 1079 669 3
1118 616 1260 655 nam
1289 595 1365 655 ad
1397 595 1558 656 hunc
1594 596 1751 655 diem
1795 596 2046 655 flumina

242 713 310 752 ac
343 699 532 752 terras
574 699 635 751 et
673 690 901 751 caelum
945 691 1206 771 quodam
1247 692 1426 752 modo
1467 693 1662 770 ipsum
1705 693 2047 753 clauserant

242 790 513 864 Roma-ni,
552 795 620 849 ut
649 789 965 867 conloquia
993 809 1458 868 congressusque
1486 798 1722 849 nostros
1751 797 2040 862 arcerent,

161 918 218 954 10
243 887 355 962 vel,
396 887 556 965 quod
596 886 1085 946 contumeliosius
1123 893 1216 946 est
1244 886 1388 946 viris
1417 887 1493 946 ad
1535 907 1700 947 arma
1735 887 1911 960 natis,
1956 887 2043 945 in-

242 1005 431 1045 ermes
468 1005 534 1043 ac
562 1003 745 1061 prope
788 983 938 1043 nudi
966 983 1078 1043 sub
1107 982 1353 1043 custode
1395 990 1457 1043 et
1496 984 1694 1061 pretio
1727 983 2036 1044 coiremus

242 1083 344 1143 sed
388 1089 458 1142 ut
497 1081 759 1141 amicitia
801 1080 1172 1158 societasque
1211 1088 1416 1140 nostra
1454 1081 1519 1139 in
1561 1088 1870 1140 aeternum
1910 1088 2044 1140 rata

291 1241 471 1280 mmm
505 1242 555 1289 of
572 1241 637 1281 m
676 1178 812 1251 sint,
845 1178 1217 1255 postulamus
1245 1199 1280 1237 a
1309 1176 1494 1251 vobis,
1525 1196 1728 1237 muros
1754 1177 2038 1250 coloniae,

245 1292 428 1330 renem—e
481 1295 521 1329 ιο
572 1292 639 1330 the
677 1275 1051 1335 munimenta
1118 1274 1352 1335 servitii
1432 1273 1760 1334 detrahatis
1831 1274 2039 1351 (etiam

157 1401 212 1454 15
241 1347 477 1381 mmmm.
678 1372 804 1431 fera
845 1371 1139 1447 animalia,
1186 1372 1236 1431 si
1285 1371 1483 1432 clausa
1529 1378 1749 1445 teneas,
1792 1371 2042 1431 virtutis

239 1467 734 1547 obliviscuntur);
798 1469 1100 1529 Romanos
1157 1489 1362 1529 omnes
1415 1470 1479 1529 in
1549 1469 1766 1528 finibus
1822 1469 2042 1529 vestris

235 1563 548 1625 trucidetis
631 1565 815 1644 (haud
892 1565 1062 1625 facile
1145 1566 1389 1626 libertas
1464 1572 1526 1624 et
1593 1565 1821 1625 domini
1903 1566 2041 1625 mis-

237 1663 490 1739 centur):
545 1662 701 1722 bona
747 1663 1198 1722 interfectorum
1245 1663 1310 1722 in
1358 1662 1622 1723 medium
1671 1663 1902 1736 cedant,
1961 1683 2039 1723 ne

236 1759 369 1837 quis
417 1759 680 1819 occulere
728 1759 1045 1838 quicquam
1093 1766 1199 1819 aut
1239 1779 1546 1840 segregare
1588 1780 1826 1820 causam
1868 1780 2040 1820 suam

149 1886 212 1922 20
235 1858 441 1936 possit.
526 1858 702 1918 liceat
729 1858 901 1917 nobis
929 1859 1220 1937 vobisque
1248 1866 1564 1937 utramque
1601 1859 1794 1936 ripam
1823 1859 2033 1932 colere,

236 1964 306 2015 ut
334 1955 476 2014 olim
504 1955 826 2014 maioribus
862 1956 1085 2015 nostris
1112 1979 1126 2015 ε
1169 1976 1288 2033 quo
1315 1955 1496 2015 modo
1535 1955 1728 2015 lucem
1755 1954 2037 2034 diemque

234 2053 510 2114 omnibus
560 2052 920 2126 hominibus,
973 2053 1059 2112 ita
1103 2072 1309 2113 omnes
1358 2060 1545 2112 terras
1588 2052 1846 2113 fortibus
1887 2052 2037 2113 viris

233 2157 447 2210 natura
472 2149 717 2227 aperuit.
772 2150 1052 2209 instituta
1079 2149 1426 2228 cultumque
1446 2149 1707 2227 patrium
1730 2150 2034 2225 resumite,

233 2246 503 2325 abruptis
557 2245 987 2323 voluptatibuS,
1048 2247 1264 2324 quibus
1320 2246 1578 2306 Romani
1639 2245 1773 2325 plus
1827 2246 2039 2307 adver-

145 2370 205 2423 25
233 2365 332 2404 sus
361 2343 655 2404 subiectos
693 2362 874 2420 quam
901 2342 1081 2402 armis
1109 2342 1328 2403 valent.
1417 2343 1682 2403 sincerus
1710 2349 1774 2403 et
1799 2343 2039 2423 integer

231 2450 293 2503 et
320 2440 626 2501 servitutis
654 2439 876 2499 oblitus
907 2440 1162 2517 populus
1205 2446 1311 2500 aut
1352 2460 1428 2499 ex
1456 2460 1649 2518 aequo
1692 2441 1882 2519 agetis
1926 2449 2037 2502 aut

232 2540 361 2599 aliis
388 2537 843 2616 imperitabitis.'

125 2633 205 2697 65
310 2635 497 2696 LXV.
583 2633 1053 2712 Agrippinenses
1097 2641 1337 2712 sumpto
1381 2634 1761 2694 consultandi
1816 2637 2031 2713 spatio,

400 2794 409 2804 ,
478 2793 488 2803 ‚
670 2730 910 2808 quando
950 2750 1145 2808 neque
1179 2731 1377 2791 subire
1419 2731 1794 2791 condiciones
1835 2741 2035 2793 metus

230 2795 630 2907 ορεῗιῗῗιιῖιῗηῖἷῖἶ
670 2827 857 2886 futuri
907 2847 1099 2905 neque
1156 2827 1351 2905 palam
1405 2830 1707 2906 aspernari
1762 2830 2036 2892 condicio

229 2897 549 2944 ⁶⁰⁹²&le
670 2944 947 3002 praesens
1043 2924 1292 2997 sinebat,
1379 2924 1443 2984 in
1538 2925 1696 2985 hunc
1786 2927 2034 2987 modum

176 3045 202 3098 5
229 3022 628 3103 respondent:
701 3030 715 3056 ‘
734 3041 886 3100 quae
955 3021 1150 3100 prima
1205 3021 1500 3081 libertatis
1569 3023 1820 3083 facultas
1890 3025 2037 3086 data

230 3128 336 3192 est,
409 3118 642 3180 avidius
712 3139 893 3197 quam
956 3119 1186 3178 cautius
1270 3120 1644 3197 sumpsimus,
1715 3127 1788 3194 ut
1861 3123 2036 3183 vobis

229 3217 555 3292 ceterisque
598 3216 929 3287 Germanis,
983 3215 1435 3293 consanguineis
1478 3218 1717 3291 nostriS,
1762 3219 2037 3298 iungere-

231 3329 379 3369 mur.
450 3329 651 3368 muros
680 3311 958 3380 civitatiS‚
984 3311 1480 3388 congregantibus
1509 3333 1570 3372 se
1600 3335 1735 3374 cum
1769 3317 2034 3379 maxime
