2261 3684
641 222 1096 284 HISTORIAR
1111 223 1242 282 ΠΜ
1277 223 1432 282 LIB.
1454 228 1457 231 ’
1478 222 1584 282 IV.
1905 224 2018 281 109

210 383 502 444 libidines
546 385 931 456 timebantur,
984 384 1290 462 suspectiS,
1342 384 1434 443 uti
1478 383 1758 456 diximus,
1817 382 2021 442 Primo

209 481 487 541 Antonio
536 481 818 559 Varoque
868 482 1063 541 Arrio,
1168 482 1369 540 Varus
1418 501 1579 558 prae·
1672 521 2022 572 Mum-anufpm

212 578 467 638 torianis
532 578 908 657 praepositus
969 578 1095 638 vim
1167 584 1346 655 atque
1415 597 1580 637 arma
1618 572 1907 671 ssssffimssr
1958 574 2031 669 ’ᾗῇ

211 675 553 736 retinebat:
663 695 800 735 eum
905 675 1221 734 Mucianus
1338 674 1578 752 pulsum
1619 674 1756 712 Rome.

211 771 363 844 loco,
433 792 511 832 ne
580 773 707 832 sine
776 771 991 832 solacio
1075 777 1294 850 ageret,
1368 791 1638 833 annonae
1720 775 2016 852 praefecit.
2053 795 2112 831 10

211 875 406 946 utque
451 869 783 928 Domitiani
832 869 1098 929 animum
1142 868 1304 928 Varo
1349 867 1509 927 haud
1556 870 1815 931 alienum
1870 871 2024 932 dele-

211 966 392 1040 niret,
432 966 789 1027 Arrecinum
838 965 1227 1038 Clementem,
1277 964 1481 1024 domui
1523 966 1875 1046 Vespasiani
1917 989 2024 1048 per

214 1063 595 1123 adfinitatem
621 1064 910 1122 innexum
938 1069 1000 1123 et
1027 1062 1432 1141 gratissimum
1462 1065 1829 1139 Domitiam,
1860 1086 2024 1144 prae-

213 1160 467 1219 torianis
522 1160 883 1238 praeposuit,
929 1166 1165 1237 patrem
1210 1159 1337 1217 eius
1395 1159 1505 1219 sub
1563 1161 1716 1221 Gaio
1773 1161 2023 1224 Caesare

215 1256 453 1335 egregie
492 1256 767 1316 functum
810 1276 879 1316 ea
919 1276 1060 1315 cura
1108 1255 1411 1328 dictitanS,
1460 1256 1685 1317 laetum
1727 1259 2019 1321 militibus
2055 1281 2112 1333 15

216 1352 382 1414 idem
452 1373 689 1426 nomen,
761 1359 943 1430 atque
1013 1352 1230 1431 ipsum,
1304 1372 1669 1431 quamquam
1736 1357 2021 1416 senatorii

217 1449 463 1524 ordiniS,
509 1449 584 1510 ad
625 1458 881 1528 utraque
923 1449 1129 1508 munia
1171 1449 1447 1509 sufficere.
1552 1450 1951 1512 adsumuntur
1991 1472 2023 1512 e

217 1546 465 1607 civitate
515 1547 873 1607 clarissimus
918 1547 1169 1625 quisque
1219 1553 1280 1605 et
1323 1545 1424 1605 alii
1468 1566 1575 1624 per
1616 1548 2020 1610 ambitionem.

218 1645 398 1703 simul
424 1644 807 1704 Domitianus
827 1644 1260 1721 Mucianusque
1290 1643 1768 1722 accingebantur,
1800 1645 2024 1724 dispari

219 1741 439 1813 animo,
459 1741 560 1801 ille
587 1761 690 1819 spe
718 1762 785 1801 ac
812 1741 1059 1801 iuventa
1085 1759 1388 1818 properae,
1411 1739 1507 1800 hic
1535 1761 1731 1800 moras
1760 1750 2020 1817 nectens,
2051 1768 2117 1804 20

219 1838 357 1917 quis
386 1838 738 1916 fiagrantem
764 1838 1066 1911 retineret,
1099 1857 1175 1897 ne
1203 1836 1423 1896 ferocia
1465 1838 1680 1898 aetatis
1723 1847 1785 1899 et
1824 1840 2024 1917 pravis

218 1935 663 2015 impulsoribus,
710 1936 759 1994 si
804 1935 1137 1995 exercitum
1186 1934 1519 2009 invasisset,
1567 1936 1701 2013 paci
1749 1936 2025 2015 belloque

218 2032 377 2093 male
405 2032 753 2093 consuleret.
814 2032 1078 2111 legiones
1106 2031 1398 2105 victriceS‚
1431 2039 1658 2105 octava,
1691 2033 2023 2109 undecima,

220 2129 685 2191 Vitellianarum
740 2128 1268 2202 unaetvicensima,
1327 2148 1359 2188 e
1416 2148 1621 2188 recens
1678 2131 2028 2210 conscriptis

220 2226 487 2287 secunda
532 2225 826 2286 Poeninis
872 2225 1292 2303 Cottianisque
1333 2225 1610 2303 Alpibus,
1652 2246 1790 2304 pars
1828 2235 2034 2289 monte
2054 2253 2116 2305 25

220 2323 407 2385 Graio
436 2322 836 2383 traducuntur
857 2345 873 2396 3
917 2330 1132 2399 quarta
1160 2321 1410 2382 decuma
1437 2322 1593 2400 legio
1632 2343 1665 2382 e
1693 2322 2026 2398 Britannia,

220 2429 397 2483 sexta
424 2440 492 2481 ac
513 2420 765 2480 decuma
792 2439 867 2478 ex
897 2418 1192 2498 Hispania
1219 2419 1457 2479 accitae.

304 2517 502 2595 Igitur
547 2514 842 2576 venientis
885 2515 1181 2575 exercitus
1221 2515 1381 2575 fama
1423 2521 1485 2574 et
1527 2522 1741 2594 suopte
1783 2516 2030 2596 ingenio

220 2615 300 2675 ad
322 2614 563 2674 mitiora
581 2612 938 2673 inclinantes
956 2610 1287 2672 Galliarum
1308 2611 1582 2671 civitates
1674 2656 1860 2705 Matina
1887 2654 1940 2704 os
1962 2656 2028 2697 m

221 2713 290 2771 in
372 2711 589 2770 Remos
685 2727 1030 2769 convenere.
1186 2707 1583 2767 Treverorum
1625 2705 1771 2746 ³⁰¹⁴st
2055 2739 2121 2790 30

221 2809 445 2888 legatio
497 2807 621 2866 illic
669 2806 1103 2885 opperiebatur,
1159 2806 1442 2864 acerrimo
1484 2805 1838 2865 instinctore
1886 2804 2028 2865 belli

223 2906 380 2965 Iulio
408 2904 752 2965 ValentinO.
838 2904 890 2962 is
926 2903 1216 2962 meditata
1244 2903 1512 2961 oratione
1551 2909 1764 2962 cuncta
1797 2902 2029 2980 magnis

221 3002 489 3080 imperiis
532 3002 816 3062 obiectari
858 3000 1034 3060 solita
1074 2998 1583 3077 contumeliasque
1632 3006 1692 3058 et
1740 3000 2031 3060 invidiam

228 3101 287 3159 in
344 3098 632 3177 populum
688 3098 1027 3158 Romanum
1082 3095 1311 3169 effudit,
1372 3096 1649 3156 turbidus
1712 3097 2030 3157 miscendis

222 3196 619 3256 seditionibus
647 3202 709 3255 et
736 3196 1034 3273 plerisque
1074 3201 1279 3272 gratus
1308 3191 1583 3253 vaecordi
1612 3193 1905 3254 facundia.
2058 3222 2119 3275 35

301 3293 525 3353 LXIX.
572 3295 659 3353 At
686 3292 878 3352 Iulius
921 3292 1166 3369 Auspex
1207 3310 1240 3349 e
1282 3289 1641 3367 primoribus
1684 3291 2026 3365 Remorum,
2057 3303 2136 3367 69
