2261 3684
681 243 1137 307 HISTORIAB
1151 244 1275 304 ΠΜ
1315 243 1472 304 LIB.
1517 241 1626 304 IV.
1982 244 2056 303 89

339 405 535 466 XLII.
582 406 867 484 Magnam
897 425 966 464 eo
995 405 1091 464 die
1119 405 1362 483 pietatis
1391 404 1881 483 eloquentiaeque
1917 404 2059 464 fam·
2084 406 2163 467 42

246 523 354 562 am
384 502 713 581 Vipstanus
743 502 1022 579 Messalla
1049 502 1302 579 adeptus
1331 510 1437 575 est,
1470 501 1737 562 nondum
1766 502 2062 562 senatoria

249 606 474 671 aetate,
533 620 709 660 ausus
763 620 871 678 pro
927 600 1110 659 fratre
1166 598 1410 677 Aquilio
1460 599 1693 678 Regulo
1736 599 2055 678 deprecari.

247 696 552 775 Regulum
609 697 893 757 subversa
940 696 1287 757 Crassorum
1333 703 1396 756 et
1443 696 1619 757 Orfiti
1711 740 1982 780 prosecutio„
2020 742 2068 788 os

249 793 472 853 domus
525 795 589 854 in
651 814 947 854 summum
1016 793 1222 853 odium
1277 794 1614 854 extulerat:
1656 791 1857 839 mauzae.
2087 808 2114 862 5

248 898 471 969 sponte
535 891 806 952 Caesaris
874 891 1309 951 accusationem
1365 890 1590 950 subisse
1658 890 1893 950 iuvenis
1962 889 2058 949 ad-

247 987 521 1060 modum,
552 1009 661 1048 nec
690 988 1027 1066 depellendi
1056 988 1305 1066 periculi
1335 987 1440 1047 sed
1469 988 1532 1047 in
1562 1008 1727 1066 spem
1757 987 2058 1066 potentiae

247 1085 611 1160 videbatur3
660 1092 722 1147 et
750 1085 1012 1164 Sulpicia
1048 1086 1439 1145 Praetextata
1467 1085 1664 1145 Crassi
1699 1105 1853 1144 uxor
1892 1092 2059 1162 quat-

247 1191 513 1262 tuorque
540 1184 729 1256 liberi,
760 1183 812 1242 si
840 1191 1217 1262 cognosceret
1244 1191 1501 1256 senatus,
1534 1183 1756 1242 ultores
1790 1182 2052 1242 aderant.

249 1281 443 1360 igitur
492 1280 770 1341 Messalla
813 1300 934 1350 non
981 1299 1217 1340 causam
1263 1300 1458 1357 neque
1499 1300 1668 1339 reum
1723 1280 1894 1352 tueri,
1953 1278 2057 1339 sed
2088 1299 2148 1335 10

249 1378 533 1456 periculis
587 1378 789 1438 fratris
843 1386 1029 1437 semet
1084 1397 1391 1455 opponens
1446 1377 1695 1436 flexerat
1749 1375 2054 1454 quosdam.

251 1477 514 1536 occurrit
560 1476 714 1535 truci
762 1475 1029 1535 oratione
1073 1474 1315 1534 Curtius
1356 1474 1701 1546 MontanuS,
1747 1493 1817 1532 eo
1872 1493 2056 1551 usque

249 1593 616 1652 progressuS,
648 1579 718 1632 ut
743 1580 881 1651 post
922 1571 1161 1632 caedem
1204 1571 1428 1631 Galbae
1458 1570 1659 1630 datam
1689 1572 2056 1631 interfectori

250 1670 492 1730 Pisonis
561 1670 872 1749 pecuniam
936 1690 972 1729 a
1035 1668 1266 1747 Regulo
1337 1668 1790 1746 adpetitumque
1856 1688 2056 1727 morsu

251 1768 491 1827 Pisonis
533 1775 712 1848 caput
753 1768 1093 1828 obiectaret.
1193 1772 1207 1800 ‘
1229 1766 1339 1826 hoc
1382 1772 1539 1825 certe
1562 1764 1575 1790 '
1617 1765 1817 1845 inquit
1858 1766 2054 1826 ‘Nero
2086 1783 2141 1835 15

250 1887 377 1926 non
420 1866 629 1945 coegit,
675 1886 783 1925 nec
826 1865 1182 1943 dignitatem
1228 1870 1332 1923 aut
1372 1864 1624 1923 salutem
1665 1864 1770 1925 illa
1809 1865 2058 1924 saevitia

250 1962 578 2023 redemisti.
684 1982 826 2022 sane
868 1962 1188 2022 toleremus
1230 1961 1482 2021 istorum
1526 1961 1915 2035 defensioneS‚
1952 1962 2056 2040 qui

253 2061 502 2142 perdere
558 2061 706 2121 alios
762 2079 940 2138 quam
996 2058 1320 2136 periclitari
1375 2058 1491 2135 ipsi
1545 2058 1924 2118 maluerunt:
1993 2066 2055 2118 te

251 2178 523 2219 securum
553 2158 877 2236 reliquerat
905 2156 1043 2217 exul
1070 2164 1244 2235 pater
1263 2162 1326 2216 et
1348 2155 1541 2216 divisa
1559 2156 1718 2216 inter
1738 2155 2055 2216 creditores

250 2257 427 2328 bona,
467 2255 738 2315 nondum
778 2254 1074 2314 honorum
1118 2274 1305 2332 capax
1340 2261 1518 2327 aetas,
1564 2253 1715 2313 nihil
1763 2253 1924 2332 quod
1979 2275 2054 2314 ex
2081 2272 2145 2308 20

250 2361 312 2413 te
356 2353 796 2431 concupisceret
838 2351 1018 2422 Nero,
1061 2351 1214 2410 nihil
1256 2351 1417 2429 quod
1465 2351 1721 2410 timeret.
1805 2351 2055 2412 libidine

250 2448 556 2529 sanguinis
610 2455 673 2508 et
726 2448 898 2507 hiatu
951 2447 1354 2525 praemiorum
1406 2447 1679 2525 ignotum
1735 2447 1931 2508 adhuc
1971 2449 2057 2509 in-

249 2547 494 2627 genium
562 2553 624 2606 et
692 2545 871 2605 nullis
954 2544 1399 2605 defensionibus
1482 2551 1796 2622 expertum
1877 2546 2055 2607 caede

249 2644 439 2705 nobili
498 2643 765 2714 inbuisti‚
824 2662 958 2702 cum
1016 2661 1091 2701 ex
1141 2642 1348 2701 funere
1404 2642 1488 2701 rei
1545 2642 1813 2720 publicae
1868 2645 2055 2722 raptis

249 2740 659 2802 consularibus
716 2739 936 2817 spoliiS,
989 2739 1367 2816 septuagiens
1422 2741 1696 2800 sestertio
1752 2741 2055 2819 saginatus
2081 2756 2142 2810 25

249 2847 313 2899 et
381 2837 711 2897 sacerdotio
792 2836 1026 2914 fulgens
1107 2836 1384 2895 innoxios
1466 2857 1695 2915 puer08‚
1773 2837 2055 2900 inlustres

249 2955 439 3008 senes,
484 2934 828 3013 conspicuas
869 2933 1121 2992 feminas
1162 2932 1369 2992 eadem
1411 2934 1585 2994 ruina
1630 2942 2050 3012 prosterneres,

247 3055 388 3095 cum
429 3033 748 3111 segnitiam
789 3031 1047 3091 Neronis
1088 3030 1406 3103 incusareS‚
1439 3032 1603 3110 quod
1644 3052 1751 3110 per
1791 3034 2055 3111 singulas

249 3132 458 3192 domos
487 3150 667 3208 seque
709 3135 771 3188 et
807 3127 1102 3189 delatores
1138 3127 1455 3206 fatigaret:
1497 3148 1669 3207 posse
1711 3129 2053 3191 universum

247 3235 525 3290 senatum
582 3247 703 3286 una
757 3246 903 3287 voce
945 3225 1233 3285 subverti.
1349 3226 1621 3300 retinete,
1666 3234 1867 3305 patres
1922 3249 2054 3289 con·
2080 3245 2144 3295 30

247 3326 476 3404 scripti,
507 3331 570 3386 et
598 3330 897 3383 reservate
925 3322 1231 3383 hominem
1260 3328 1386 3380 tam
1415 3322 1682 3400 expediti
1710 3324 1959 3399 consilii,
1985 3333 2053 3385 ut
