2261 3684
243 281 315 339 12
777 277 1174 339 CORNELII
1213 278 1318 340 TA
1329 278 1500 340 G'ITI

236 440 428 501 iussae
485 440 737 534 armari
742 441 1081 552 legiones:
1121 440 1331 502 datum
1401 462 1507 520 per
1561 464 1733 521 agros
1800 442 2044 521 signum

236 546 321 610 ut,
395 511 514 616 quia
577 529 788 616 esuque
824 500 1209 616 Ριοιιιιιιιιιιι,
1268 539 1484 599 omissa
1537 541 1759 617 praeda
1813 538 2044 618 proelio

153 652 209 705 15
237 642 583 696 occurreret.
669 635 923 719 pavidus
984 636 1225 695 interim
1283 636 1479 696 Varus
1534 637 1742 709 turbae
1796 656 2045 697 suorum

238 732 520 792 miscetur
567 733 893 811 intulitque
943 733 1343 798 formidinem.
1432 733 1587 813 pulsi
1643 754 1776 795 cum
1825 733 2044 794 sauciis

236 829 457 908 integri
539 838 772 889 suomet
852 830 968 909 ipsi
1044 838 1213 890 metu
1294 839 1357 891 et
1431 830 1722 909 angustiis
1804 830 2044 890 viarum

68 914 89 987 !
114 988 125 1005 ‚
238 927 746 987 conflictabantur.
778 934 787 947 '⁴

132 1030 212 1094 17
317 1023 517 1083 XVII.
565 1023 818 1107 Nullum
858 1025 922 1083 in
964 1024 1069 1084 illa
1109 1024 1512 1103 trepidatione
1562 1025 1866 1086 Antonius
1908 1045 2044 1085 eon·
2126 1015 2138 1023 ³

238 1121 454 1180 stantis
531 1119 698 1181 ducis
767 1129 873 1181 aut
938 1121 1113 1181 fortis
1186 1122 1395 1182 militis
1477 1122 1734 1199 offiqi—qm
1816 1121 2038 1181 omisit.

238 1238 539 1305 occursare
581 1219 955 1297 paventibus,
991 1220 1249 1279 retinere
1292 1219 1586 1292 cedentes,
1617 1219 1720 1279 ubi
1749 1219 2043 1298 plurimus

238 1316 421 1391 labor,
461 1316 621 1376 unde
665 1317 866 1395 aliqua
901 1336 1052 1395 speS,
1092 1316 1339 1377 consilio
1379 1336 1562 1377 manu
1602 1336 1747 1376 voce
1786 1316 2042 1394 insignis

183 1429 210 1482 5
237 1415 412 1488 hosti,
445 1414 795 1493 conspicuus
824 1416 959 1474 suis,
1047 1434 1117 1475 eo
1140 1422 1440 1494 postremo
1467 1413 1694 1474 ardoris
1720 1419 2041 1493 provectus

238 1519 344 1585 est,
376 1519 448 1571 ut
487 1511 865 1572 vexillarium
905 1512 1239 1623 fugientem
1280 1511 1453 1571 hasta
1494 1512 2040 1586 transverberaret,
2028 1533 2040 1546 ·

237 1629 379 1668 mox
405 1616 646 1687 raptum
674 1609 963 1669 vexillum
1003 1609 1067 1668 in
1109 1609 1344 1670 hostem
1379 1609 1577 1669 vertit.
1663 1629 1782 1687 quo
1810 1608 2041 1686 pudore
2119 1684 2122 1687 Δ

238 1706 399 1766 haud
413 1706 647 1810 plures
690 1726 870 1785 quam
925 1696 1166 1766 centum
1222 1706 1451 1785 equites
1506 1706 1816 1781 restitere,
1883 1705 2042 1765 iuvit

237 1804 418 1878 locus,
413 1779 661 1865 artiore
690 1803 811 1864 illie
840 1804 937 1864 via
965 1811 1026 1864 et
1053 1803 1241 1864 fracto
1269 1803 1669 1863 interfluentis
1697 1753 2036 1882 tigiponte,

156 1922 213 1956 ιο
239 1903 341 1981 qui
396 1902 624 1962 incerto
680 1902 848 1964 alveo
906 1909 968 1961 θ1,
994 1922 1194 1980 praee
1261 1901 1446 1966 itibus
1494 1901 1641 1979 ripis
1686 1900 1891 1979 fugam
1934 1901 2042 1960 im·

238 1996 532 2073 pediebat
619 2016 689 2055 ea
698 1971 1034 2086 nenessitas
1064 2015 1171 2055 seu
1197 1902 1446 2055 i‘iirtuna
1468 1994 1706 2073 lapsas
1688 2011 1808 2054 lam
1835 2002 2040 2074 partes

237 2093 514 2154 restituit.
603 2093 823 2153 firmati
851 2092 1008 2152 inter
1050 2112 1112 2152 se
1155 2092 1353 2152 densis
1391 2091 1700 2154 ordinibus
1728 2091 2042 2208 excipiunt

237 2190 592 2250 Vitellianos
638 2175 863 2250 temere
876 2185 1143 2268 [effusos
1196 2196 1376 2267 atque
1425 2189 1513 2248 illi
1561 2159 2034 2250 consternantur.

236 2286 539 2347 Antonius
592 2288 816 2347 instare
877 2285 1192 2397 perculsis
1241 2293 1507 2350 sternere
1575 2252 1844 2357 o‘bwos
1860 2286 2041 2346 simul
2121 2315 2138 2322 2

157 2407 211 2459 ¹5
239 2385 435 2458 ceteri,
486 2392 557 2443 ut
611 2384 824 2461 cuique
879 2383 1205 2469 lngenium,
1263 2382 1532 2488 spoliare,
1575 2379 1658 2442 ea
1702 2403 1815 2457 ere,
1851 2375 2042 2444 arma

239 2502 537 2562 equosque
580 2481 864 2560 abripere.
953 2487 1015 2540 et
1062 2480 1245 2541 exciti
1290 2442 1593 2560 prosperol
1616 2403 1870 2541 {Aoo
1873 2447 2041 2560 ,qui

237 2580 415 2640 modo
462 2599 571 2657 per
617 2599 790 2657 agros
835 2569 978 2657 fuga
1024 2577 1399 2660 prantAEr,
1450 2577 1734 2684 victoriae
1788 2559 1851 2638 se
1906 2578 2042 2638 mis·

237 2679 466 2738 cebant.

133 2785 212 2849 18
318 2773 550 2834 XVIII.
597 2771 698 2832 Ad
753 2780 1034 2852 quartum
1078 2793 1115 2832 a
1162 2771 1475 2833 Cremona*
1504 2729 1770 2860 ffipillem
1821 2772 2058 2868 fulsere
2125 2852 2132 2862 ι

235 2873 538 2952 legionum
594 2870 764 2949 signa
817 2869 1072 2947 Rapacis
1128 2875 1308 2947 atque
1363 2868 1624 2943 Italicae,
1673 2856 1860 2930 laeto
1867 2837 2080 2931 ‘inter

236 2971 410 3031 initia
454 2968 726 3049 equitum
771 2987 1014 3027 suorum
1057 2957 1314 3054 proelio(
1325 2965 1467 3026 illuc
1509 2984 1696 3045 usque
1736 2973 2035 3044 proveeta.

237 3068 340 3129 sed
383 3067 486 3128 ubi
526 3066 770 3127 fortuna
811 3073 1018 3124 contra
1057 3063 1189 3138 fuit,
1230 3083 1352 3123 non
1395 3063 1595 3123 laxare
1630 3062 1885 3136 ordineS‚
1914 3084 2041 3125 non

183 3198 210 3251 5
236 3166 496 3244 recipere
544 3163 834 3236 turbatoS‚
887 3181 1009 3221 non
1057 3161 1297 3221 obviam
1345 3160 1431 3221 ire
1472 3161 1750 3239 ultroque
1790 3160 2039 3240 adgredi

235 3264 472 3321 hostem
490 3267 730 3319 tantum
752 3280 858 3338 per
886 3259 1147 3336 spatium
1170 3278 1344 3317 eursu
1367 3263 1429 3317 et
1449 3258 1771 3336 pugnando
1787 3258 2033 3321 fessum.

235 3357 390 3417 forte
445 3345 626 3446 ducti]
665 3353 828 3422 haud
897 3351 1146 3434 perinde
1214 3354 1391 3413 rebus
1457 3355 1755 3434 prosperis
1785 3347 1789 3356 ’
1823 3355 2038 3417 ducem

618 3463 623 3484 ,-
1041 3447 1075 3472 x:
