2261 3684
294 239 368 296 66
833 236 1229 297 CORNELII
1270 235 1374 296 TA
1383 234 1555 295 CITI

290 398 577 459 rimandis
610 399 848 458 offensis
893 417 1076 476 sagax
1124 403 1388 456 verterat
1436 416 1497 456 se
1539 395 2087 473 transtuleratque:

341 537 482 576 Pom,
494 536 686 585 &Mud-
729 494 830 554 ille
871 515 1027 554 unus
1070 494 1299 567 ambiri,
1332 493 1460 554 coli.
1545 513 1654 554 nec
1694 493 1902 553 deerat
1943 492 2086 571 ipse,

289 597 413 626 ‘²²²⁸'-
728 592 983 668 stipatus
1039 591 1283 650 armatis
1338 590 1545 650 domos
1592 590 1918 667 hortosque
1964 609 2090 666 per-

206 710 267 747 ro
289 693 546 759 mutans,
617 695 908 766 apparatu
976 688 1208 747 incessu
1277 687 1543 747 excubiis
1610 687 1734 746 vim
1804 686 2088 763 principis

288 783 580 859 amplecti,
614 804 832 844 nomen
860 785 1180 844 remittere.
1265 782 1590 861 plurimum
1619 783 1859 843 terroris
1879 783 2089 842 intulit

288 878 495 939 caedes
524 880 836 958 Calpurnii
866 881 1185 941 Galeriani.
1271 881 1323 940 is
1351 881 1470 939 fuit
1497 880 1653 940 filius
1683 880 1797 955 Gai
1830 879 2082 951 PisoniS,

286 976 436 1035 nihil
498 997 714 1037 ausus:
783 978 888 1037 sed
942 998 1162 1037 nomen
1216 977 1448 1054 insigne
1503 985 1565 1036 et
1632 977 1846 1036 decora
1898 976 2086 1055 ipsius

285 1073 532 1133 iuventa
606 1094 842 1134 rumore
910 1074 1075 1154 vulgi
1145 1074 1610 1149 celebrabantur,
1668 1081 1955 1151 erantque
2021 1074 2087 1132 in

205 1194 220 1228 1
232 1190 259 1244 5
286 1169 525 1230 civitate
554 1170 748 1230 adhuc
788 1171 1032 1231 t-urbida
1059 1178 1121 1231 et
1163 1170 1336 1230 novis
1377 1171 1745 1230 sermonibus
1784 1171 1942 1230 laeta
1982 1170 2087 1248 qui

285 1266 650 1344 principatus
704 1268 943 1326 inanem
998 1268 1054 1327 ei
1107 1268 1329 1326 famam
1384 1266 1833 1325 circumdarent.
1918 1265 2087 1324 iussu

285 1362 550 1422 Muciani
605 1363 874 1423 custodia
927 1363 1172 1424 militari
1215 1364 1459 1436 cinctuS,
1506 1382 1582 1422 ne
1636 1363 1698 1421 in
1753 1363 1884 1439 ipsa
1937 1362 2085 1423 urbe

283 1459 653 1537 conspectior
692 1480 851 1520 mors
892 1461 1063 1532 foret,
1095 1460 1173 1519 ad
1215 1459 1777 1538 quadragensimum
1817 1459 1894 1518 ab
1936 1458 2084 1517 urbe

281 1555 540 1632 lapidem
559 1557 760 1634 Appia
779 1557 879 1616 via
898 1558 1028 1616 fuso
1050 1577 1157 1635 per
1173 1576 1355 1616 venas
1377 1556 1664 1634 sanguine
1685 1556 2079 1634 extinguitur.

194 1676 258 1712 20
282 1652 471 1712 Iulius
528 1652 766 1713 Priscus
821 1653 1252 1731 praetoriarum
1294 1653 1406 1712 sub
1448 1651 1699 1712 Vitellio
1748 1653 2084 1713 cohortium

281 1751 615 1827 praefectus
669 1771 732 1810 se
786 1751 912 1830 ipse
967 1750 1288 1822 interfecit,
1347 1749 1576 1828 pudore
1644 1750 1833 1828 magis
1903 1770 2084 1828 quam

282 1848 649 1908 necessitate.
761 1848 1016 1907 Alfenus
1071 1850 1273 1908 Varus
1341 1848 1614 1926 ignaviae
1683 1847 2084 1926 infamiaeque

279 1962 421 2003 suae
450 1944 759 2022 superfuit.
844 1945 1146 2005 Asiaticus
1176 1945 1424 2023 (etenim
1452 1944 1503 2004 is
1543 1944 1817 2022 libertus)
1861 1946 2083 2005 malam
2131 2005 2136 2009 .

252 2055 255 2059 ·
278 2040 612 2117 potentiam
639 2041 838 2100 servili
867 2042 1157 2120 supplicio
1185 2041 1465 2118 expiavit.

175 2134 254 2196 12
360 2136 501 2195 XII.
548 2136 750 2197 Isdem
791 2137 1001 2197 diebus
1044 2139 1513 2198 crebrescentem
1547 2137 1732 2197 cladis
1772 2138 2079 2199 Germani·

278 2252 379 2292 cae
432 2233 651 2291 famam
719 2253 1097 2311 nequaquam
1151 2242 1379 2294 maesta
1444 2234 1655 2294 civitas
1709 2235 2049 2313 excipiebat
2062 2258 2081 2311 3

332 2370 414 2410 ηε
457 2370 676 2411 „mm-w
718 2349 916 2390 caesos
945 2331 1259 2403 exercitus,
1283 2338 1458 2409 capta
1477 2331 1779 2411 legionum
1806 2333 2078 2406 hiberna,

276 2422 422 2461 ’‘m“-
715 2422 1032 2483 descivisse
1087 2423 1314 2484 Gallias
1369 2444 1491 2485 non
1545 2432 1618 2484 ut
1671 2425 1828 2485 mala
1878 2426 2085 2504 loque-

223 2521 511 2594 5,bantur.
597 2520 663 2579 id
709 2519 934 2580 bellum
978 2520 1198 2597 quibus
1225 2521 1416 2580 causis
1457 2528 1672 2596 ortum,
1714 2529 1939 2600 quanto
1982 2544 2079 2583 ex·

274 2624 582 2677 ternarum
604 2618 1009 2693 sociarumque
1027 2617 1298 2695 gentium
1325 2625 1496 2677 motu
1516 2618 1872 2696 flagraverit,
1896 2620 2080 2681 altius

274 2714 603 2791 expediam.
717 2712 949 2784 Batavi,
1009 2712 1197 2773 donec
1252 2720 1418 2773 trans
1473 2714 1752 2775 Rhenum
1801 2717 2076 2794 agebant,

273 2830 409 2889 pars
465 2810 839 2883 Chattorum,
891 2809 1186 2869 seditione
1241 2809 1565 2870 domestica
1606 2812 1763 2890 pulsi
1807 2821 2080 2874 extrema

273 2906 535 2968 Gallicae
563 2926 701 2967 orae
728 2926 914 2966 vacua
941 2906 1267 2966 cultoribus
1296 2907 1592 2985 simulque
1618 2909 1876 2969 insulam
1902 2912 2081 2972 iuxta

192 3029 249 3065 10
272 3004 450 3063 sitam
504 3022 880 3081 occupavere,
939 3022 1121 3080 quam
1189 3023 1352 3063 mare
1421 3003 1693 3064 Oceanus
1761 3026 1796 3065 a
1855 3006 2076 3082 fronte,

272 3100 519 3160 Rhenus
573 3100 765 3159 amnis
821 3105 1055 3177 tergum
1109 3119 1178 3159 ac
1245 3099 1434 3160 latera
1500 3101 1848 3162 circumluit.
1963 3123 2079 3164 nec

271 3196 483 3272 opibus
526 3198 753 3273 (rarum
792 3196 871 3255 in·
898 3196 1181 3256 societate
1208 3197 1591 3276 validiorum)
1635 3198 1873 3259 adtritis
1910 3201 2077 3262 viros

271 3295 510 3350 tantum
552 3309 831 3370 armaque
864 3292 1116 3369 imperio
1158 3293 1519 3367 ministrant,
1553 3295 1659 3355 diu
1701 3296 2076 3360 Germanicis
