2261 3684
670 235 1122 298 HISTORIAR
1136 239 1263 299 ΠΜ
1299 239 1453 300 LIB.
1502 239 1619 299 III.
1977 243 2045 299 15

237 395 481 472 gionem
536 398 598 456 in
654 398 786 476 ipso
840 399 971 458 viae
1031 399 1375 460 Postumiae
1438 421 1650 480 aggere
1705 402 1890 475 iubet,
1949 403 2043 461 cui

237 493 447 552 iuncta
474 514 509 553 a
535 494 706 554 laevo
735 495 990 572 septima
1023 495 1319 556 Galbiana
1359 498 1592 575 patenti
1621 518 1651 556 c
1750 519 1828 576 po
1856 498 2043 569 stetit,
2078 522 2136 558 10

238 589 383 649 dein
411 591 667 668 septima
694 591 1040 663 Claudiana,
1081 586 1500 670 agresfffoss‘a
1542 593 1644 671 (iti
1694 593 1855 653 locus
1890 594 2045 672 erat)

236 688 647 770 praemunita3
689 688 903 749 dextro
933 697 1144 749 octava
1172 709 1279 766 per
1305 698 1582 768 apertum
1607 684 1879 763 limitem,
1904 711 2044 751 mox

237 770 429 857 tertia
461 771 690 845 'densis
759 785 1016 851 arbustis
1085 786 1465 865 intersaepta.
1553 787 1649 847 hic
1712 788 2045 865 aquilarum

236 880 665 959 signorumque
694 882 839 942 ordo
863 905 875 941 ε
917 883 1141 943 milites
1168 884 1347 943 mixti
1375 904 1481 961 per
1509 885 1803 958 tenebras,
1827 892 1896 944 ut
1924 886 2044 945 fors

235 968 496 1053 tulerat}
553 979 996 1056 praetorianum
1041 979 1327 1040 vexillum
1370 982 1711 1059 proximum
1752 982 2041 1055 tertianis,
2076 1004 2131 1056 15

236 1075 514 1135 cohortes
541 1076 948 1137 auxiliorum
930 1097 996 1136 ln
1023 1078 1318 1149 cornibus,
1343 1074 1531 1138 latera
1559 1099 1625 1138 ac
1646 1086 1816 1157 terga
1844 1080 2044 1158 equite

235 1172 647 1247 circumdata;
701 1173 845 1233 Sido
888 1181 1068 1251 atque
1113 1166 1356 1234 Italicus
1378 1175 1606 1235 18110111ῐ
1623 1195 1756 1235 011111
1799 1176 2043 1237 delectis

237 1269 618 1348 popularium
635 1267 949 1348 {primore
932 1291 996 1330 1n
1025 1271 1149 1330 acie
1178 1236 1594 1331 versabantur.
1629 1264 1650 1281 ⁴
1673 1276 1756 1301 ’Ὗ

318 1366 526 1426 XXII.
572 1367 660 1426 At
716 1367 1077 1427 Vitellianus
1136 1366 1451 1442 exercitus,
1484 1369 1610 1464 „qui
1661 1368 2041 1447 adquiescere
2067 1369 2148 1431 22

236 1465 569 1526 Cremonae
612 1472 673 1525 et
712 1465 1056 1543 reciperatis
1098 1466 1230 1525 cibo
1276 1485 1601 1544 somnoque
1667 1510 1809 1549 „ame
1827 1510 1959 1559 „sm
1976 1510 2041 1549 m

236 1562 470 1622 viribus
487 1553 859 1675 Klponfectum
915 1562 1115 1645 algore
1165 1569 1346 1641 atque
1400 1563 1602 1622 inedia
1643 1561 1777 1599 '‘ml“-

235 1660 474 1720 hostem
515 1666 752 1736 postera
793 1659 893 1718 die
930 1656 1247 1737 profligare
1288 1680 1355 1719 ac
1397 1679 1677 1739 proruere
1715 1659 1868 1718 ratio
1905 1659 2037 1744 fuit,

235 1755 478 1839 indigus
534 1756 792 1833 rectoris,
839 1755 1013 1837 inops
1068 1756 1297 1816 consilii
1375 1756 1556 1815 tertia
1609 1758 1792 1816 ferme
1847 1756 2040 1815 noctis
2068 1780 2095 1832 5

236 1856 386 1916 hora
437 1854 666 1938 paratis
712 1854 832 1913 iam
875 1854 1300 1932 dispositisque
1338 1854 1643 1935 Flavianis
1684 1853 2037 1931 inpingitur.

235 1953 511 2013 ordinem
559 1951 813 2029 agminis
868 1951 1099 2044 disiecti
1150 1971 1288 2030 per
1309 1972 1458 2044 iram
1507 1973 1574 2012 ac
1622 1952 1898 2012 tenebras
1943 1951 2040 2011 ad·

234 2069 507 2110 severare
583 2068 705 2108 non
786 2049 992 2120 ausim,
1067 2069 1427 2128 quamquam
1496 2049 1596 2122 alii
1678 2047 2040 2108 tradiderint

233 2154 514 2225 quartam
601 2130 1049 2205 Macedonicam
1133 2145 1414 2205 dextrum
1505 2166 1747 2204 suorum
1836 2164 2035 2218 cornu,

233 2245 511 2323 quintam
559 2250 620 2303 et
673 2244 947 2320 quintam
1001 2243 1312 2303 decumam
1368 2262 1502 2302 cum
1556 2226 1792 2302 venillis
1846 2261 2038 2302 nonae
2069 2267 2128 2305 10

233 2339 646 2428 secundaeque
697 2347 758 2399 et
804 2340 1160 2399 vicensimae
1202 2339 1681 2399 Britannicarum
1736 2338 2038 2417 legionum

232 2438 494 2499 mediam
522 2437 724 2523 aciem,
749 2429 1274 2497 sextadecumanos
1303 2436 2037 2524 duoetvicensimanosque

233 2544 297 2597 et
363 2536 667 2616 primanos
735 2534 972 2595 laevum
1041 2554 1223 2594 cornu
1300 2535 1637 2612 complesse.
1771 2534 2037 2613 Rapaces

233 2642 417 2712 atque
486 2629 683 2691 Italici
766 2631 1041 2692 omnibus
1110 2651 1173 2691 se
1250 2631 1569 2708 manipulis
1638 2627 2037 2706 miscuerant3

233 2750 416 2809 eques
470 2728 810 2806 auxiliaque
867 2729 980 2789 sibi
1020 2728 1137 2806 ipsi
1178 2728 1376 2789 locum
1418 2718 1625 2809 legere.
1742 2729 2034 2806 proelium
2067 2752 2124 2805 15

232 2835 365 2887 tota
451 2833 628 2885 nocte
708 2826 959 2899 varium,
1045 2844 1275 2903 anceps,
1361 2832 1552 2898 atrox,
1637 2825 1768 2897 his„
1832 2845 2035 2885 rursus

231 2925 352 2984 illis
402 2922 724 2998 exitiabile.
812 2922 964 2982 nihil
1021 2923 1259 3006 animus
1313 2928 1418 2982 aut
1473 2921 1699 2993 manus,
1752 2941 1827 2982 ne
1877 2921 2033 2982 oculi

231 3021 480 3100 quidem
509 3020 754 3098 provisu
783 3019 1089 3092 iuvabant.
1177 3009 1387 3098 eadem
1414 3027 1669 3097 utraque
1699 3018 1822 3078 acie
1850 3039 2031 3093 arma,

230 3117 458 3179 crebris
499 3115 1072 3195 interrogationibus
1114 3124 1327 3176 notum
1356 3117 1592 3195 pugnae
1622 3116 1874 3193 signum,
1906 3138 2034 3196 per-

231 3216 427 3276 mixta
462 3213 698 3290 vexilla,
748 3221 818 3273 ut
860 3213 1116 3290 quisque
1166 3193 1377 3294 ngS
1423 3221 1597 3290 capta
1641 3233 1717 3272 ex
1761 3214 2033 3275 hostibus
2059 3238 2122 3274 20

231 3313 348 3373 huc
375 3308 475 3371 vel
504 3310 647 3375 illuc
686 3311 979 3389 raptabat.
1068 3310 1440 3388 urguebatur
1481 3309 1739 3369 maxime
1768 3313 2032 3390 septima
