2261 3684
273 216 387 274 122
808 212 1205 273 CORNELII
1242 212 1345 271 TA
1355 211 1521 272 OITI

269 374 589 449 exciverat,
650 393 943 452 quaenam
1010 372 1114 432 illa
1184 372 1546 451 superstitio,
1605 370 1768 450 quod
1822 390 2067 445 numen,

268 472 615 550 interrogat.
701 470 1053 529 Timotheus
1076 470 1362 547 quaesitis
1392 470 1496 547 qui
1514 470 1578 529 in
1600 469 1866 528 Pontum
1888 488 2072 528 meas-

268 575 420 642 sent,
451 567 755 647 cognoscit
796 567 1006 626 urbem
1046 566 1170 625 illic
1214 565 1496 644 Sinopen,
1540 586 1647 626 nec
1678 565 1885 644 procul
1926 572 2071 625 tem-

180 693 245 730 20
268 665 436 744 plum
465 672 669 725 vetere
710 665 870 724 inter
895 663 1123 723 accolas
1166 663 1324 723 fama
1364 662 1527 723 Iovis
1566 663 1768 723 Ditis:
1809 681 2070 740 namque

268 770 330 822 et
357 762 709 822 muliebrem
731 760 983 839 effigiem
1010 759 1318 832 adsistere,
1343 780 1523 837 quam
1544 759 1811 838 plerique
1833 759 2071 818 Proser-

265 860 470 939 pinam
491 865 721 919 vocent.
775 857 881 918 sed
910 857 1306 931 Ptolemaeus,
1329 865 1397 916 ut
1424 865 1566 917 sunt
1593 857 1835 936 ingenia
1861 876 2071 935 regum

266 976 489 1034 pronus
518 955 594 1015 ad
614 954 1015 1029 formidinem,
1041 955 1146 1014 ubi
1164 953 1449 1014 securitas
1466 954 1663 1028 rediit,
1687 955 2071 1032 voluptatum

267 1073 448 1131 quam
474 1053 830 1132 religionum
850 1050 1141 1130 adpetens
1156 1051 1468 1130 neglegere
1490 1050 1779 1129 paulatim
1807 1050 2072 1129 aliasque

180 1176 241 1229 25
267 1150 345 1227 ad
386 1171 555 1210 curas
596 1150 862 1209 animum
903 1155 1155 1222 vertere,
1214 1149 1404 1208 donec
1445 1149 1653 1208 eadem
1693 1148 1918 1226 species
1958 1155 2072 1207 ter-

266 1249 498 1308 ribilior
561 1248 682 1308 iam
744 1254 805 1307 et
873 1246 1199 1306 instantior
1265 1246 1521 1305 exitium
1587 1247 1701 1323 ipsi
1768 1266 2070 1325 regnoque

269 1344 672 1416 denuntiaret,
700 1343 765 1403 ni
792 1344 951 1403 iussa
979 1351 1376 1421 patrarentur.
1409 1351 1541 1402 tum
1567 1343 1796 1422 legatos
1823 1350 1889 1403 et
1914 1343 2071 1403 dona

270 1441 756 1520 Scydrothemidi
783 1441 910 1519 regi
941 1441 1016 1522 (is
1045 1448 1192 1500 tunc
1216 1440 1642 1519 Sinopensibus
1657 1440 2070 1518 imperitabat)

268 1539 538 1618 expediri
566 1539 735 1599 iubet
771 1538 1180 1616 praecipitque
1222 1538 1608 1617 navigaturiS‚
1635 1544 1708 1596 ut
1747 1537 2070 1614 Pythicum

181 1660 245 1710 30
268 1637 615 1716 Apollinem
657 1636 891 1696 adeant.
932 1635 1054 1695 illis
1094 1655 1258 1695 mare
1301 1635 1644 1708 secundum,
1676 1654 1804 1694 sors
1845 1634 2069 1694 oraculi

267 1733 430 1794 haud
458 1734 774 1813 ambigua:
817 1733 979 1792 irent
1020 1732 1519 1810 simulacrumque
1560 1731 1747 1810 patris
1789 1730 1884 1791 sui
1910 1751 2070 1791 reve-

266 1831 495 1905 herent,
526 1831 741 1891 sororis
770 1830 1196 1908 relinquerent.

164 1942 245 2006 84
349 1928 692 1990 LXXXIV.
743 1928 831 1988 Ut
860 1927 1123 2006 Sinopen
1143 1946 1379 2002 venere,
1403 1946 1653 1986 munera
1680 1946 1882 2004 preces
1911 1947 2069 1987 man-

271 2027 413 2087 data
452 2026 609 2106 regis
651 2026 742 2085 sui
785 2023 1271 2102 Scydrothemidi
1314 2023 1612 2103 adlegant.
1661 2025 1764 2102 qui
1795 2024 2069 2085 diversus

269 2122 454 2183 animi
508 2122 687 2182 modo
735 2141 958 2181 numen
1013 2140 1346 2199 pavescere,
1402 2121 1582 2180 modo
1637 2121 1818 2180 minis
1864 2122 2071 2182 adver-

271 2220 457 2280 santis
484 2218 692 2297 populi
732 2218 982 2293 terreri,
1022 2238 1199 2296 saepe
1241 2217 1413 2278 donis
1454 2218 1880 2296 promissisque
1919 2200 2071 2298 lega-

217 2352 245 2406 5
271 2325 471 2377 torum
526 2316 889 2376 flectebatur.
992 2321 1175 2393 atque
1242 2315 1486 2374 interim
1544 2314 1803 2374 triennio
1859 2324 2070 2375 exacto

272 2413 647 2474 Ptolemaeus
674 2433 795 2473 non
825 2412 1107 2486 studium,
1141 2432 1262 2471 non
1291 2432 1495 2491 preces
1524 2412 1800 2472 omittere
1829 2438 1840 2473 :
1882 2412 2071 2491 digni-

270 2517 459 2570 tatem
525 2509 874 2588 legatorum,
946 2527 1263 2567 numerum
1330 2507 1592 2581 navium,
1651 2507 1780 2567 auri
1833 2508 2072 2586 pondus

272 2607 541 2686 augebat.
600 2613 728 2665 tum
784 2605 992 2664 minax
1030 2604 1210 2664 facies
1265 2604 1751 2682 Scydrothemidi
1806 2606 2068 2679 offertur,

273 2724 347 2764 ne
378 2703 676 2764 destinata
717 2701 829 2761 deo
871 2701 1030 2761 ultra
1070 2707 1442 2760 moraretur:
1485 2708 1863 2761 cunctantem
1907 2703 2074 2762 varia

175 2842 233 2877 10
272 2800 562 2879 pernicies
630 2800 940 2875 morbique
1022 2804 1085 2857 et
1159 2797 1477 2857 manifesta
1558 2797 1900 2857 caelestium
1983 2798 2074 2859 ira

271 2899 625 2979 graviorque
653 2896 717 2955 in
745 2896 872 2956 dies
899 2895 1210 2973 fatigabat.
1281 2894 1571 2955 advocata
1609 2896 1886 2955 contione
1912 2896 2076 2956 iussa

273 2996 553 3068 numiniS‚
605 3013 743 3054 suos
791 2993 1242 3070 Ptolemaeique
1291 2994 1472 3064 visus,
1524 2992 1869 3071 ingruentia
1913 2995 2075 3055 mala

274 3094 561 3172 exponit:
609 3091 825 3170 vulgus
881 3090 1139 3150 aversari
1184 3110 1402 3167 regem,
1459 3089 1728 3149 invidere
1767 3089 2070 3168 Aegypte,

274 3191 390 3249 sibi
429 3198 695 3249 metuere
737 3188 1147 3266 templumque
1188 3186 1629 3247 circumsedere.
1716 3187 1906 3247 maior
1932 3187 2077 3249 hinc

191 3316 249 3369 15
273 3286 432 3344 fama
456 3285 709 3344 tradidit
737 3284 915 3343 deum
940 3285 1137 3363 ipsum
1162 3284 1441 3363 adpulsas
1468 3285 1631 3344 litori
1658 3285 1828 3345 navis
1856 3295 2077 3364 sponte
