2261 3684
284 230 361 287 64
822 225 1220 286 CORNELII
1256 226 1361 285 TA
1373 226 1458 286 C'I
1457 226 1537 285 TI

277 387 573 448 formidet.
659 387 892 447 nullum
928 387 1119 446 maius
1156 387 1299 447 boni
1340 387 1572 465 imperii
1612 385 2084 446 instrumentum

280 505 460 564 quam
528 485 717 544 bonos
785 485 1005 544 amicos
1074 504 1218 543 esse.
1330 484 1474 543 satis
1542 482 1844 557 Marcelle,
1918 483 2084 561 quod

191 604 255 640 20
279 581 581 642 Neronem
610 582 674 640 in
702 581 954 641 exitium
984 587 1077 640 tot
1104 581 1517 641 innocentium
1558 580 1846 658 inpulerit
1872 605 1885 641 ε
1927 581 2084 640 frue-

279 686 444 738 retur
471 678 748 756 praemiis
776 686 839 738 et
865 677 1224 756 inpunitate,
1255 676 1690 756 Vespasianum
1731 676 2083 738 melioribus

279 773 658 851 relinqueret.

213 859 253 924 8
359 871 532 932 VIII.
597 871 921 931 Marcellus
963 891 1084 932 non
1127 891 1298 931 suam
1339 872 1699 932 sententiam
1739 871 2078 950 inpugnari,

277 968 381 1031 sed
411 967 710 1029 consulem
738 968 1118 1047 designatum
1148 968 1443 1030 censuisse
1472 968 1724 1042 dicebat,
1749 968 2094 1031 secundum¹

277 1073 481 1126 vetera
508 1065 801 1145 exempla,
832 1086 983 1145 quae
1013 1074 1236 1126 sortem
1276 1065 1676 1145 legationibus
1717 1066 2078 1145 posuissent,

278 1183 353 1222 ne
372 1163 684 1223 ambitioni
706 1170 812 1223 aut
833 1162 1165 1222 inimicitiis
1185 1161 1349 1222 locus
1370 1161 1539 1224 foret.
1614 1161 1767 1221 nihil
1790 1163 2079 1236 evenisse,

223 1272 251 1326 5
279 1281 384 1320 cur
437 1260 770 1339 antiquitus
837 1260 1118 1320 instituta
1185 1260 1589 1321 exolescerent
1643 1265 1747 1319 aut
1792 1259 2081 1338 principis

277 1356 469 1417 honor
495 1357 559 1415 in
587 1356 934 1434 cuiusquam
959 1355 1381 1416 contumeliam
1402 1363 1771 1432 verteretur3
1812 1357 2080 1417 sufficere

277 1473 482 1513 omnes
525 1454 824 1531 obsequio.
918 1453 981 1513 id
1024 1453 1215 1532 magis
1256 1453 1587 1527 vitandum,
1632 1473 1708 1513 ne
1749 1454 2081 1532 pervicacia

277 1550 652 1629 quorundam
692 1551 1042 1610 inritaretur
1082 1551 1319 1610 animus
1361 1571 1518 1610 novo
1559 1551 1897 1629 principatu
1957 1572 2080 1611 sus·

275 1667 495 1726 pensus
524 1655 586 1707 et
612 1646 818 1707 vultus
846 1666 1084 1725 quoque
1112 1667 1181 1707 ac
1209 1667 1510 1708 sermones
1539 1647 1808 1708 omnium
1837 1648 2081 1708 circum-

191 1760 252 1796 10
277 1753 564 1824 spectans
654 1765 717 1805 se
746 1743 1085 1804 meminisse
1113 1752 1470 1823 temporum,
1527 1744 1743 1822 quibus
1771 1752 1950 1804 natus
1978 1746 2077 1820 sit,

258 1863 456 1923 ‚quam
499 1842 762 1905 civitatis
816 1842 1069 1902 formam
1125 1849 1328 1921 patres
1383 1841 1599 1921 avique
1655 1841 2080 1919 instituerint3

274 1941 561 2001 ulteriora
589 1940 810 2014 mirari,
840 1940 1182 2019 praesentia
1209 1939 1377 2018 sequi
1396 1963 1414 2014 ς
1464 1940 1650 1999 bonos
1690 1939 2079 2017 imperatores

275 2046 417 2099 voto
446 2045 742 2117 expetere,
774 2035 1230 2115 qualescumque
1258 2036 1530 2097 tolerare.
1613 2056 1734 2096 non
1761 2037 1951 2116 magis
1973 2058 2081 2098 sua

275 2135 544 2196 oratione
585 2135 906 2195 Thraseam
949 2153 1130 2212 quam
1170 2134 1392 2194 iudicio
1434 2141 1676 2193 senatus
1734 2134 2078 2209 adffictum;

194 2243 249 2297 ¹5
276 2232 587 2292 saevitiam
629 2230 887 2290 Neronis
929 2250 1035 2308 per
1078 2230 1204 2290 eius
1245 2230 1409 2291 modi
1450 2230 1740 2307 imagines
1780 2231 2076 2304 inlusisse,

276 2349 385 2389 nec
427 2328 624 2387 minus
666 2328 780 2387 sibi
822 2328 1063 2388 anxiam
1106 2328 1289 2387 talem
1330 2328 1658 2387 amicitiam
1706 2347 1891 2406 quam
1946 2330 2079 2390 aliis

275 2425 536 2485 exilium.
624 2424 884 2502 denique
913 2424 1251 2484 constantia
1279 2424 1635 2483 fortitudine
1665 2421 2081 2486 Catonibuset

275 2522 479 2581 Brutis
535 2528 890 2599 aequaretur
931 2519 1289 2581 Helvidius:
1353 2540 1415 2580 se
1460 2540 1646 2579 unum
1687 2539 1815 2581 esse
1856 2541 1935 2580 ex
1975 2522 2079 2583 illo

275 2628 501 2692 senatu,
534 2619 641 2697 qui
669 2618 846 2678 simul
874 2618 1162 2678 servierit.
1250 2617 1499 2679 suadere
1543 2618 1724 2678 etiam
1751 2618 1973 2693 Prisc0,
2003 2641 2079 2681 ne

187 2734 252 2771 20
276 2737 455 2795 supra
509 2717 838 2794 principem
894 2715 1221 2789 scanderet,
1265 2734 1341 2773 ne
1382 2715 1822 2793 Vespasianum
1877 2736 2078 2777 senem

274 2812 715 2892 triumphalem,
760 2814 1046 2873 iuvenum
1090 2810 1414 2872 liberorum
1455 2818 1704 2890 patrem,
1748 2815 2104 2893 praeceptis

275 2918 581 2973 coerceret.
668 2929 788 2988 quo
815 2910 996 2970 modo
1024 2909 1297 2988 pessimis
1324 2910 1784 2988 imperatoribus
1812 2912 1941 2971 sine
1963 2914 2080 2973 fine

274 3007 765 3079 dominationem,
796 3007 884 3066 ita
912 3007 1186 3084 quamvis
1215 3006 1465 3085 egregiis
1494 3007 1740 3067 modum
1782 3007 2079 3070 libertatis

276 3106 519 3183 placere.
607 3103 752 3164 haec
773 3104 1005 3182 magnis
1028 3104 1331 3181 utrimque
1353 3104 1838 3166 contentionibus
1860 3106 2081 3168 iactata

187 3216 248 3270 25
276 3202 527 3261 diversis
557 3200 772 3260 studiis
801 3201 1262 3279 accipiebantur.
1349 3201 1495 3261 vicit
1521 3222 1675 3280 pars,
1700 3223 1854 3281 quae
1875 3204 2079 3264 sortiri

275 3296 503 3373 legatos
530 3295 808 3368 malebat,
840 3297 1022 3355 etiam
1050 3296 1264 3356 mediis
1292 3304 1529 3382 patrum
1560 3298 1974 3365 adnitentibus
1994 3322 2080 3370 re-
