2261 3684
659 255 1113 323 HISTORIAR
1127 258 1259 323 ΠΜ
1295 256 1448 322 LIB.
1496 256 1604 322 IV.
1925 260 2033 321 101

315 423 542 484 LVIII.
596 430 610 458 ‘
632 423 977 503 Numquam
1021 424 1183 502 apud
1243 444 1349 483 vos
1389 424 1575 484 verba
1621 422 1736 483 feci
1777 430 1885 483 aut
1930 442 2039 501 pro
2066 425 2146 489 58

233 520 408 580 vobis
464 521 775 581 sollicitior
829 528 936 581 aut
996 542 1105 600 pro
1162 543 1257 581 me
1312 522 1583 581 securior.
1698 540 1838 580 nam
1892 520 2041 580 mihi

233 617 492 678 exitium
526 620 722 697 parari
762 618 955 680 libens
998 619 1177 679 audio
1215 626 1604 696 mortemque,
1640 618 1704 677 in
1739 624 1832 678 tot
1870 617 2041 678 malis

234 714 537 789 solacium,
596 724 668 776 ut
709 717 889 777 finem
943 717 1314 776 miseriarum
1357 722 1644 795 expecto:
1713 716 1897 776 vestri
1945 737 2040 777 me

233 812 427 890 pudet
454 813 829 891 miseretque,
860 814 1147 874 adversus
1175 833 1324 891 quos
1352 833 1474 873 non
1495 812 1787 890 proelium
1809 821 1871 873 et
1888 814 2041 874 acies
2066 838 2096 893 5

235 917 561 986 parantur;
603 910 669 970 id
698 911 860 970 enim
896 910 985 970 fas
1026 930 1328 969 armorum
1370 917 1430 970 et
1470 910 1563 969 ius
1604 910 1868 970 hostium
1910 919 2041 972 est:

232 1006 463 1066 bellum
492 1028 628 1067 cum
657 1007 879 1087 populo
908 1007 1180 1068 Romano
1210 1007 1422 1067 vestris
1452 1027 1513 1067 se
1541 1008 1816 1068 manibus
1849 1015 2042 1088 gestu-

234 1124 368 1163 rum
429 1104 719 1165 Classicus
775 1112 977 1183 sperat
1023 1105 1460 1183 imperiumque
1503 1112 1565 1164 et
1605 1114 2040 1167 sacramentum

235 1200 573 1261 Galliarum
626 1210 906 1263 ostentat.
997 1202 1146 1262 adeo
1202 1222 1326 1276 nOS,
1387 1202 1437 1261 si
1490 1202 1603 1262 for·
1693 1247 1772 1286 Hi,
1812 1247 1952 1296 epacta
1999 1251 2041 1287 ω

234 1304 387 1358 tuna
453 1299 519 1358 in
588 1319 867 1378 praesens
937 1300 1247 1378 virtusque
1316 1298 1597 1371 deseruit,
1642 1297 1707 1337 *Μ
1723 1308 1860 1347 army.
2070 1331 2131 1368 10

235 1395 420 1455 etiam
466 1405 672 1457 vetera
720 1396 995 1475 exempla
1048 1397 1354 1469 deficiunt,
1407 1398 1681 1476 quotiens
1736 1398 2039 1459 Romanae

234 1491 500 1571 legiones
540 1493 733 1571 perire
782 1493 1287 1572 praeoptaverint,
1335 1513 1408 1553 ne
1450 1493 1579 1553 loco
1633 1493 2039 1572 pellerentur?

236 1589 381 1649 socii
437 1610 611 1670 saepe
669 1591 861 1650 nostri
918 1591 1157 1652 excindi
1218 1591 1396 1651 urbes
1458 1611 1594 1651 suas
1662 1612 1842 1671 seque
1904 1613 2039 1652 cum

236 1687 589 1766 coniugibus
652 1709 719 1748 ac
784 1689 987 1749 liberis
1058 1688 1306 1748 cremari
1380 1688 1774 1767 pertulerunt,
1846 1710 2038 1768 neque

237 1784 400 1846 aliud
446 1786 704 1865 pretium
746 1785 945 1847 exitus
988 1806 1167 1866 quam
1209 1786 1357 1847 fides
1403 1786 1692 1866 famaque.
1778 1787 2040 1849 tolerant
2070 1811 2126 1865 15

237 1903 374 1943 cum
442 1885 700 1945 maxime
769 1884 1031 1963 inopiam
1100 1885 1518 1964 obsidiumque
1593 1886 1753 1964 apud
1820 1886 2042 1948 Vetera

237 1980 503 2060 legiones
530 2002 639 2042 nec
666 1989 892 2042 terrore
927 1989 1031 2043 aut
1064 1983 1370 2061 promissis
1408 1982 1827 2045 demoventur:
1868 1986 2041 2046 nobis

239 2098 420 2156 super
473 2099 639 2140 arma
692 2087 755 2139 et
808 2079 970 2139 viros
1024 2087 1087 2139 et
1156 2081 1393 2160 egregia
1461 2088 1790 2141 castrorum
1853 2084 2041 2142 muni—

237 2182 446 2235 menta
472 2175 841 2236 frumentum
868 2183 932 2237 et
959 2185 1322 2237 commeatus
1359 2179 1634 2256 quamvis
1671 2178 1847 2259 longo
1885 2180 2041 2241 bello

238 2293 428 2351 pares,
510 2275 763 2352 pecunia
802 2293 996 2352 nuper
1037 2275 1222 2334 etiam
1263 2275 1550 2335 donativo
1592 2277 1836 2351 suffecit,
1878 2277 2041 2355 quod
2067 2302 2130 2337 20

239 2370 365 2430 sive
395 2391 430 2430 a
464 2369 830 2450 Vespasiano
873 2372 999 2432 sive
1040 2392 1078 2431 a
1117 2372 1367 2432 Vitellio
1409 2372 1619 2444 datum
1660 2373 2042 2452 interpretari

238 2468 541 2540 mavultis,
574 2468 646 2528 ad
678 2469 1036 2547 imperatore
1067 2477 1226 2529 certe
1256 2469 1526 2530 Romano
1556 2471 1875 2550 accepistis·
1949 2479 2044 2533 tot

237 2565 533 2625 bellorum
562 2566 836 2640 victores,
870 2566 1031 2644 apud
1062 2566 1421 2639 Geldubam,
1452 2568 1612 2645 apud
1643 2568 1880 2643 Vetera,
1909 2571 2041 2630 fuso

238 2663 465 2722 totiens
494 2662 682 2737 hoste,
726 2663 777 2723 si
817 2663 1049 2740 pavetis
1087 2663 1290 2737 aciem,
1333 2664 1650 2743 indignum
1686 2665 1751 2725 id
1784 2667 2043 2745 quidem,

240 2760 345 2820 sed
393 2767 485 2820 est
525 2760 769 2834 vallum,
798 2760 1072 2839 murique
1113 2767 1176 2820 et
1222 2760 1500 2821 trahendi
1550 2770 1724 2834 arteS,
1769 2765 1957 2825 donec
2013 2787 2044 2826 e
2072 2787 2130 2840 25

241 2857 531 2936 proximis
571 2858 893 2937 provinciis
943 2857 1168 2918 auxilia
1216 2859 1627 2939 exercitusque
1671 2871 2041 2925 concurrant.

240 2975 383 3015 sane
413 2975 522 3034 ego
551 2956 930 3034 displiceam:
974 2962 1117 3015 sunt
1147 2955 1248 3015 alii
1277 2955 1474 3035 legati,
1501 2958 1743 3032 tribuni,
1777 2963 2044 3022 centurio

240 3052 501 3130 denique
544 3060 650 3112 aut
690 3052 880 3125 miles,
924 3072 999 3113 ne
1040 3052 1154 3112 hoc
1194 3053 1532 3133 prodigium
1575 3063 1705 3115 toto
1752 3063 2045 3119 terrarum

241 3151 384 3211 orbe
411 3150 709 3228 vulgetur,
742 3150 912 3211 vobis
941 3149 1302 3211 satellitibus
1331 3150 1585 3212 Civilem
1622 3160 1684 3212 et
1718 3153 2046 3217 Classicum

240 3247 480 3308 Italiam
518 3247 843 3307 invasuros
930 3268 1022 3322 an,
1064 3247 1116 3306 si
1154 3247 1230 3307 ad
1273 3249 1510 3308 moenia
1542 3250 1709 3310 urbis
1757 3251 2043 3314 Germani
2072 3273 2137 3324 30

240 3345 520 3424 Gallique
575 3344 876 3419 duxerint,
937 3365 1101 3405 arma
1157 3345 1387 3423 patriae
1442 3346 1752 3408 inferetis‘l
1838 3350 2044 3412 horret

2186 3445 2227 3500 s
