2261 3684
222 243 246 298 1
261 242 336 300 40
760 238 1150 298 CORNELII
1192 240 1298 298 TA
1309 240 1393 299 CI
1389 240 1480 299 TI

219 402 371 461 tium
421 408 727 461 servatur:
798 421 1059 479 namque
1115 402 1474 480 praetoriam
1531 422 1747 462 navem
1804 402 2041 462 vexillo

216 500 525 578 insignem,
570 499 691 558 illic
747 500 958 559 ducem
1001 500 1134 572 rati,
1182 500 1502 578 abripiunt.
1592 499 1842 560 Cerialis
1883 500 2040 559 alibi

216 606 453 657 noctem
509 604 727 675 egerat,
787 605 857 656 ut
911 596 1179 674 plerique
1236 597 1557 669 credidere,
1618 599 1694 657 ob
1752 606 2039 675 stuprum

218 693 504 753 Claudiae
551 693 827 753 Sacratae
869 693 1140 753 mulieris
1182 693 1394 754 Ubiae.
1480 694 1692 772 vigiles
1733 695 2040 773 flagitium

129 815 195 852 ιο
218 812 392 851 suum
421 791 588 851 ducis
620 790 908 851 dedecore
938 792 1321 863 excusabant,
1347 800 1654 869 tamquam
1671 792 1818 852 iussi
1835 791 2036 865 silere,

219 910 295 950 ne
350 890 612 967 quietem
655 888 784 947 eius
825 890 1177 961 turbarent;
1240 889 1327 948 ita
1369 890 1710 949 intermisso
1752 889 1927 968 signo
1975 897 2042 948 et

220 987 465 1047 vocibus
507 1007 569 1046 se
611 1005 850 1063 quoque
906 987 969 1046 in
1019 1007 1297 1046 somnum
1353 987 1566 1065 lapsos
1652 987 1847 1047 multa
1900 987 2040 1047 luce

220 1085 443 1145 revecti
470 1084 672 1143 hostes
710 1083 962 1161 captivis
1004 1084 1274 1156 navibus,
1323 1085 1684 1162 praetoriam
1725 1085 2038 1144 triremem

221 1183 464 1242 flumine
492 1181 688 1259 Lupia
715 1180 940 1240 donum
970 1181 1270 1241 Velaedae
1298 1189 1550 1241 traxere.

116 1277 196 1340 23
304 1278 541 1337 XXIII.
613 1277 870 1337 Civilem
925 1277 1143 1356 cupido
1200 1278 1445 1337 incessit
1500 1276 1775 1336 navalem
1847 1275 2039 1334 aciem

222 1375 602 1438 ostentandi:
647 1375 906 1453 complet
934 1374 1098 1452 quod
1125 1376 1447 1435 biremium
1478 1394 1748 1452 quaeque
1777 1373 2037 1451 simplici

223 1475 434 1535 ordine
463 1473 793 1551 agebantur
813 1495 830 1545 3
871 1472 1105 1532 adiecta
1134 1473 1346 1550 ingens
1367 1472 1637 1531 lintrium
1662 1471 1755 1529 vis
1774 1470 2038 1529 tricenos

224 1571 750 1650 quadragenosque
794 1571 830 1605 *
875 1571 911 1605 *
953 1576 1323 1629 armamenta
1349 1568 1687 1628 Liburnicis
1716 1566 1898 1627 solita
1913 1589 1932 1641 ;
1977 1574 2040 1626 et

171 1688 197 1741 5
224 1668 400 1728 simul
444 1676 650 1745 captae
693 1667 729 1701 *
775 1668 811 1702 *
853 1667 1064 1725 lintres
1107 1666 1329 1745 sagulis
1371 1663 1829 1725 versicoloribus
1871 1662 2039 1723 haud

277 1824 484 1865 samm
559 1823 624 1863 be·
665 1763 940 1824 indecore
968 1785 1077 1841 pro
1116 1764 1263 1824 velis
1305 1764 1682 1836 iuvabantur.
1770 1761 2039 1839 spatium

226 1874 625 1965 iffisse‘iziaeffemlm
666 1861 832 1920 velut
909 1862 1181 1940 aequoris
1265 1861 1535 1932 electum,
1623 1879 1742 1936 quo
1826 1859 2039 1918 Mosae

518 1954 529 1964 '
669 1957 930 2017 fluminis
999 1978 1065 2017 os
1135 1977 1372 2017 amnem
1442 1956 1723 2016 Rhenum
1796 1954 2041 2014 Oceano

227 2053 525 2114 adfundit.
636 2075 809 2114 causa
863 2055 1250 2115 instruendae
1307 2054 1508 2114 classis
1557 2073 1734 2131 super
1792 2052 2041 2112 insitam

147 2174 204 2209 ιο
225 2152 392 2228 genti
448 2152 792 2225 vanitatem,
857 2161 928 2212 ut
982 2174 1051 2213 eo
1108 2162 1335 2213 terrore
1404 2148 1768 2212 commeatus
1839 2149 2044 2210 Gallia

228 2247 620 2308 adventantes
648 2250 1162 2328 interciperentur.
1252 2250 1500 2309 Cerialis
1527 2247 1813 2307 miraculo
1847 2249 2043 2324 magis

229 2364 409 2423 quam
452 2356 618 2406 metu
660 2347 897 2407 derexit
952 2348 1215 2420 classem,
1275 2366 1524 2407 numero
1579 2346 1868 2423 inparem,
1928 2365 2043 2405 usu

230 2443 538 2522 remigum,
597 2445 1064 2523 gubernatorum
1120 2453 1266 2519 arte,
1316 2445 1562 2504 navium
1618 2442 2042 2521 magnitudine

232 2541 540 2618 potiorem.
626 2541 721 2601 his
750 2543 972 2602 flumen
990 2542 1336 2614 secundum,
1359 2540 1449 2600 illi
1471 2547 1653 2600 vento
1677 2540 2041 2617 agebantur:

149 2657 202 2709 15
230 2638 314 2698 sic
344 2639 642 2716 praevecti
673 2646 968 2717 temptato
997 2639 1223 2699 levium
1256 2638 1513 2698 telorum
1549 2638 1709 2696 iactu
1752 2635 2043 2695 dirimun-

232 2745 346 2795 tur.
433 2735 645 2796 Civilis
672 2736 824 2795 nihil
855 2736 1013 2796 ultra
1034 2755 1211 2795 ausus
1229 2742 1397 2794 trans
1420 2734 1701 2794 Rhenum
1723 2733 2041 2792 concessit:

234 2833 481 2894 Cerialis
510 2833 765 2892 insulam
794 2833 1162 2894 Batavorum
1189 2831 1491 2891 hostiliter
1520 2829 1840 2909 populatus
1868 2849 2044 2907 agros

233 2932 522 3008 villasque
552 2930 763 2990 Civilis
791 2931 1047 2990 intactas
1069 2939 1215 2990 nota
1236 2937 1362 2989 arte
1385 2929 1605 2989 ducum
1629 2927 1879 3000 sinebat,
1906 2947 2042 2987 cum

232 3030 473 3089 interim
505 3029 664 3088 flexu
694 3029 967 3087 autumni
999 3035 1060 3086 et
1088 3028 1308 3087 crebris
1338 3047 1444 3105 per
1464 3024 1912 3103 aequinoctium
1938 3025 2041 3083 im-

144 3146 206 3181 20
233 3127 439 3186 bribus
484 3127 827 3204 superfusus
876 3125 1068 3184 amnis
1122 3124 1449 3203 palustrem
1504 3122 1914 3198 humilemque
1957 3121 2045 3180 in-

234 3223 425 3281 sulam
481 3224 545 3280 in
600 3224 809 3281 faciem
866 3222 1062 3299 stagni
1119 3221 1401 3299 opplevit.
1514 3240 1622 3280 nec
1677 3219 1882 3278 classis
1940 3226 2046 3277 aut

236 3323 599 3373 commeatus
628 3318 892 3389 aderant,
926 3326 1234 3394 castraque
1262 3318 1325 3376 in
1353 3317 1532 3394 plano
1554 3316 1673 3374 sita
1693 3315 1755 3374 vi
1777 3315 2046 3375 fluminis

236 3407 678 3466 differebantur.
