2261 3684
261 189 337 247 88
799 187 1196 250 CORNELII
1231 138 1433 249 TA-C'I
1429 189 1520 248 TI

256 355 381 409 tate
423 349 551 409 dies
592 370 667 409 ne
710 349 997 427 privatim
1032 349 1278 428 quidem
1322 350 1498 411 laude
1542 351 1749 412 caruit.
1835 351 2063 410 iustum

323 489 653 528 eademnam„
696 447 951 506 officium
1018 448 1286 526 explesse
1350 449 1665 508 Musonius
1722 447 2059 521 videbatur,

168 558 231 593 20
253 539 303 586 ⁰!
313 539 439 578 “W’'-
693 543 931 603 diversa
947 544 1106 603 fama
1121 545 1188 604 de
1205 544 1514 606 Demetrio
1533 546 1818 624 Cynicam
1837 552 2060 605 sectam

253 639 533 716 profesSO,
580 641 741 718 quod
789 642 1176 701 manifestum
1230 662 1398 702 reum
1452 642 1824 703 ambitiosius
1878 662 2060 721 quam

251 735 561 796 honestius
603 738 1002 798 defendisset:
1060 739 1178 816 ipsi
1219 740 1435 800 Publio
1476 760 1670 819 neque
1711 740 1948 799 animus
1995 740 2060 797 in

250 835 527 913 periculis
554 856 748 913 neque
777 836 969 896 oratio
999 836 1425 914 subpeditavit.
1511 838 1682 916 signo
1711 836 1959 897 ultionis
1993 836 2060 895 in

252 942 618 993 accusatores
647 934 807 1005 dato,
851 933 1009 1012 petit
1038 954 1073 992 a
1101 932 1353 994 Caesare
1383 933 1592 994 Iunius
1633 934 1957 1006 Mauricus,
1988 939 2059 991 ut

164 1050 224 1102 25
251 1031 810 1091 commentariorum
832 1031 1252 1108 principalium
1279 1038 1640 1109 potestatem
1670 1040 1880 1091 senatu
1908 1031 2059 1090 face-

251 1133 358 1198 ret,
379 1147 484 1205 per
501 1148 649 1206 quos
666 1134 953 1199 nosceret,
968 1147 1147 1204 quem
1166 1128 1416 1205 quisque
1433 1127 1829 1187 accusandum
1847 1147 2058 1206 popos-

250 1224 439 1285 cisset.
512 1224 940 1285 consulendum
963 1224 1067 1283 tali
1090 1245 1270 1302 super
1288 1245 1353 1284 re
1374 1225 1702 1303 principem
1723 1225 2050 1302 respondit.

144 1328 222 1389 41
332 1322 487 1381 XLI.
525 1323 781 1382 Senatus
803 1321 1223 1381 inchoantibus
1244 1322 1603 1399 primoribus
1625 1322 1716 1381 ius
1734 1321 2055 1381 iurandum

249 1420 533 1496 concepit,
579 1439 697 1497 quo
741 1418 1015 1478 certatim
1056 1438 1263 1478 omnes
1306 1419 1706 1497 magistratuS‚
1740 1419 1938 1492 ceteri,
1984 1425 2056 1477 ut

247 1516 606 1575 sententiam
645 1515 1026 1594 rogabantur,
1074 1514 1216 1574 deos
1259 1522 1442 1575 testes
1483 1515 1872 1588 advocabant,
1901 1515 2054 1575 nihil

248 1632 359 1689 ope
387 1633 493 1671 sua
519 1614 744 1672 factum
773 1632 891 1690 quo
919 1613 1266 1690 cuiusquam
1296 1612 1453 1672 salus
1480 1613 1833 1686 laederetur,
1861 1633 2052 1692 neque

193 1719 219 1771 5
249 1730 310 1769 se
382 1711 711 1788 praemium
780 1716 888 1768 aut
941 1709 1229 1769 honorem
1285 1730 1361 1769 ex
1430 1710 1765 1770 calamitate
1831 1711 2052 1771 civium

246 1808 485 1886 cepisse,
519 1807 771 1887 trepidis
801 1814 862 1867 et
890 1807 1072 1868 verba
1100 1807 1246 1867 iuris
1274 1807 1510 1867 iurandi
1538 1827 1645 1885 per
1670 1807 1866 1868 varias
1895 1816 2052 1869 artes

244 1907 633 1981 mutantibu8‚
655 1906 789 1984 quis
811 1904 1023 1983 fiagitii
1042 1905 1405 1964 conscientia
1420 1906 1627 1965 inerat.
1714 1906 2052 1983 probabant

296 2046 530 2085 Amaci„
580 2057 647 2085 οη
686 2001 1034 2081 religionem
1060 2008 1279 2079 patres,
1312 2002 1641 2078 periurium
1680 2004 2050 2081 arguebant3

242 2096 591 2136 0‘7‘0r‘1d‘2‘0m·
686 2119 872 2178 eaque
953 2099 1122 2158 velut
1205 2119 1453 2158 censura
1534 2099 1597 2158 in
1676 2099 2051 2160 Sariolenum

160 2218 219 2254 10
243 2197 530 2257 Voculam
570 2205 632 2257 et
672 2198 940 2256 Nonium
981 2197 1300 2256 Attianum
1346 2203 1408 2256 et
1450 2196 1718 2257 Cestium
1759 2197 2051 2258 Severum

241 2296 521 2355 acerrime
549 2295 835 2369 incubuit,
868 2294 1088 2354 crebris
1117 2293 1278 2372 apud
1307 2293 1611 2354 Neronem
1644 2294 2050 2356 delationibus

238 2392 509 2452 famosos
598 2391 971 2451 Sariolenum
996 2397 1057 2449 et
1078 2409 1280 2449 recens
1310 2390 1531 2449 crimen
1554 2391 1863 2468 urguebat,
1885 2391 2049 2469 quod

239 2489 399 2567 apud
453 2487 767 2548 Vitellium
822 2487 1065 2547 molitus
1115 2487 1322 2546 eadem
1379 2488 1536 2546 foret
1563 2510 1574 2546 ε
1643 2507 1752 2547 nec
1808 2487 2049 2549 destitit

238 2593 478 2647 senatus
533 2605 744 2645 manus
794 2586 1094 2644 intentare
1144 2583 1424 2658 Voculae,
1483 2584 1671 2644 donec
1729 2585 1894 2644 curia
1948 2606 2048 2645 ex-

154 2700 210 2752 15
238 2684 488 2744 cederet.
603 2682 681 2741 ad
735 2682 1015 2741 Paccium
1073 2681 1421 2740 Africanum
1486 2682 1837 2760 transgressi
1907 2702 2047 2743 eum

236 2801 470 2861 quoque
490 2779 864 2858 proturbant,
886 2786 1193 2857 tamquam
1214 2778 1443 2838 Neroni
1468 2779 1807 2840 Scribonios
1828 2780 2044 2840 fratres

234 2878 546 2940 concordia
566 2877 897 2955 opibusque
918 2876 1182 2954 insignes
1205 2875 1281 2935 ad
1299 2876 1551 2936 exitium
1569 2878 2039 2937 monstravisset.

233 2976 550 3035 Africanus
568 2993 760 3052 neque
782 2973 957 3033 fateri
976 2973 1238 3032 audebat
1258 2991 1454 3050 neque
1478 2974 1737 3033 abnuere
1765 2981 2006 3051 poterat
2028 2996 2043 3035 z

229 3072 294 3132 in
342 3071 594 3132 Vibium
644 3070 938 3147 Crispum,
990 3069 1161 3129 cuius
1210 3069 1780 3148 interrogationibus
1835 3070 2044 3148 fatiga-

144 3190 207 3225 20
233 3170 423 3238 batur,
494 3168 653 3226 ultro
723 3186 1058 3238 conversuS,
1123 3166 1427 3226 miscendo
1497 3187 1649 3244 quae
1718 3166 2043 3231 defendero

230 3264 535 3339 nequibat,
567 3262 847 3320 societate
875 3261 1082 3339 culpae
1111 3262 1401 3322 invidiam
1431 3264 1770 3325 declinavit.
