2261 3684
220 273 296 331 74
765 266 1161 329 CORNELII
1190 269 1297 330 TA
1306 271 1393 331 CI
1388 268 1474 332 TI

115 433 195 496 21
302 431 471 491 XXI.
519 430 728 492 Civilis
757 430 1022 491 adventu
1051 438 1468 492 veteranarum
1497 432 1836 492 cohortium
1874 431 2026 491 iusti

219 529 341 588 iam
394 530 686 590 exercitus
727 528 957 602 ductor,
1001 529 1107 589 sed
1149 529 1380 589 consilii
1422 529 1733 607 ambiguus
1774 535 1837 588 et
1896 529 2025 588 vim

220 625 552 685 Romanam
578 633 880 704 reputans,
911 632 1156 685 cunctos
1185 625 1289 703 qui
1316 625 1568 685 aderant
1593 627 1658 685 in
1675 626 1859 685 verba
1878 624 2026 684 Ves-

220 723 450 800 pasiani
477 723 669 801 adigit
695 723 1007 800 mittitque
1035 722 1264 801 legatos
1293 723 1368 781 ad
1397 723 1545 782 duas
1565 722 1846 801 legionesi,
1870 740 2026 799 quae

167 842 194 896 5
222 819 417 898 priore
458 820 582 879 acie
623 819 830 897 pulsae
870 819 934 879 in
976 818 1200 879 Vetera
1241 826 1434 879 castra
1481 825 1908 892 concesserant,
1953 825 2029 876 ut

222 915 384 977 idem
412 924 847 976 sacramentum
885 916 1233 994 acciperent.
1320 916 1594 976 redditur
1634 935 1986 995 responsum
2012 939 2027 976 τ

275 1055 420 1095 cim-li,
457 1056 620 1095 mma
661 1032 853 1090 neque
895 1012 1219 1090 proditoris
1252 1032 1444 1090 neque
1483 1012 1748 1072 hostium
1790 1033 1851 1072 se
1892 1031 2030 1071 con-

232 1105 388 1146 ΝΜ·
662 1109 809 1169 siliis
848 1110 978 1184 uti;
1020 1129 1148 1169 esse
1176 1109 1292 1169 sibi
1319 1108 1638 1169 Vitellium
1674 1109 2025 1186 principem,

225 1224 334 1283 pro
378 1225 497 1282 quo
526 1205 707 1266 fidem
735 1213 797 1265 et
823 1226 987 1266 arma
1023 1226 1213 1284 usque
1243 1205 1318 1265 ad
1361 1226 1706 1284 supremum
1747 1205 2031 1284 spiritum

144 1331 201 1366 ιο
225 1309 562 1361 retenturos
589 1326 601 1362 ε
642 1303 893 1381 proinde
922 1303 1171 1382 perfuga
1190 1303 1453 1363 Batavus
1481 1302 1798 1362 arbitrium
1823 1321 2031 1361 rerum

227 1398 632 1458 Romanarum
674 1419 750 1459 ne
806 1405 1023 1477 ageret,
1070 1399 1176 1458 sed
1217 1399 1460 1459 meritas
1514 1398 1751 1458 sceleris
1805 1418 2032 1477 poenas

226 1503 586 1573 expectaret.
700 1516 853 1574 quae
915 1497 1019 1556 ubi
1083 1496 1271 1556 relata
1340 1495 1537 1569 Civili,
1595 1496 1872 1555 incensus
1939 1496 2033 1555 ira

225 1593 566 1652 universam
591 1592 959 1652 Batavorum
986 1600 1229 1672 gentem
1257 1594 1322 1652 in
1349 1613 1512 1652 arma
1539 1592 1698 1670 rapit
1721 1615 1738 1666 ;
1778 1592 2033 1670 iungun-

226 1697 328 1749 tur
355 1689 626 1749 Bructeri
662 1689 1057 1767 Tencterique
1098 1697 1162 1750 et
1202 1690 1398 1749 excita
1439 1689 1666 1750 nuntiis
1707 1688 2032 1749 Germania

146 1808 202 1863 15
228 1785 305 1846 ad
332 1785 613 1864 praedam
640 1786 994 1864 famamque.

123 1891 203 1953 22
310 1883 510 1943 XXII.
558 1883 865 1944 Adversus
892 1883 1000 1943 has
1029 1884 1436 1944 concurrentis
1463 1883 1605 1943 belli
1634 1884 1825 1943 minas
1847 1883 2031 1961 legati

228 1982 533 2060 legionum
559 1980 809 2040 Munius
836 1980 1143 2058 Lupercus
1171 1987 1233 2040 et
1254 1980 1566 2040 Numisius
1587 1980 1782 2040 Rufus
1804 1980 2032 2040 vallum

228 2096 547 2155 murosque
602 2076 935 2135 firmabant.
1049 2077 1335 2135 subversa
1374 2075 1586 2153 longae
1627 2076 1786 2153 pacis
1830 2095 2028 2153 opera,

229 2174 389 2234 haud
421 2173 626 2252 procul
657 2174 867 2233 castris
895 2174 959 2232 in
988 2173 1236 2232 modum
1263 2172 1574 2251 municipii
1603 2179 1925 2245 exstructa,
1955 2192 2031 2231 ne

176 2301 203 2355 5
228 2270 502 2332 hostibus
528 2270 663 2337 usui
689 2270 900 2329 folent.
990 2269 1095 2329 sed
1122 2290 1335 2347 parum
1363 2270 1682 2379 provisum,
1715 2277 1786 2328 ut
1826 2270 2032 2348 copiae

228 2369 293 2427 in
334 2373 527 2427 castra
568 2366 1075 2441 conveherentur3
1116 2366 1249 2444 rapi
1289 2365 1647 2443 permisere:
1695 2366 1782 2425 ita
1825 2367 2032 2443 paucis
2076 2392 2081 2396 ·

230 2472 439 2532 diebus
479 2490 586 2548 per
640 2470 945 2530 licentiam
986 2471 1305 2549 absumpta
1347 2477 1488 2530 sunt
1542 2491 1692 2548 quae
1745 2470 2031 2530 adversus

230 2570 608 2631 necessitates
650 2568 713 2627 in
756 2568 1002 2647 longum
1043 2568 1428 2628 suffecissent.
1514 2568 1724 2628 Civilis
1765 2567 2032 2627 medium

230 2687 442 2746 agmen
510 2685 647 2725 cum
700 2665 910 2725 robore
966 2665 1332 2724 Batavorum
1380 2665 1659 2725 obtinens
1716 2672 2032 2743 utramque

148 2790 206 2826 10
231 2764 430 2825 Rheni
455 2763 665 2841 ripam,
696 2781 815 2839 quo
836 2762 1232 2822 truculentior
1250 2762 1383 2821 visu
1399 2762 1570 2837 foret,
1595 2762 2031 2823 Germanorum

230 2861 483 2923 catervis
512 2858 788 2938 complet,
820 2859 1164 2919 adsultante
1191 2879 1300 2937 per
1315 2880 1553 2938 campos
1575 2861 1812 2937 equite3
1852 2860 2032 2919 simul

231 2981 413 3022 naves
439 2961 503 3020 in
533 2959 848 3019 adversum
878 2977 1113 3018 amnem
1137 2958 1481 3036 agebantur.
1566 2959 1707 3018 hinc
1727 2966 2034 3019 veterana-

232 3079 365 3118 rum
393 3056 728 3117 cohortium
755 3055 941 3132 signa,
973 3054 1114 3115 inde
1144 3055 1530 3132 depromptae
1572 3055 1738 3115 silvis
1766 3055 2032 3133 lucisque

230 3155 489 3215 ferarum
515 3154 821 3230 imagineS,
852 3159 924 3236 ut
950 3152 1163 3229 cuique
1188 3153 1354 3230 genti
1383 3152 1536 3211 inire
1572 3152 1863 3229 proelium
1903 3173 2033 3213 mos

148 3269 204 3319 15
231 3254 338 3317 est,
370 3247 561 3305 mixta
588 3245 730 3304 belli
757 3244 948 3304 civilis
966 3245 1319 3322 externique
1340 3244 1488 3305 facie
1515 3245 2034 3324 obstupefecerant

232 3342 514 3400 obsessos,
622 3346 684 3397 et
711 3359 877 3416 spem
904 3340 1383 3417 obpugnantium
1412 3341 1669 3418 augebat
1697 3342 2031 3419 amplitudo
