2261 3684
294 244 373 306 68
851 245 1248 306 CORNELII
1282 245 1565 313 TACJTI

297 412 359 465 et
376 405 737 483 compositae
755 405 1064 466 seditionis
1086 413 1357 467 auctores
1377 407 1702 485 perpulere,
1728 416 1796 467 ut
1813 407 2091 468 dilectum

197 525 255 561 10
346 545 405 583 He
447 554 591 583 ww,
628 545 696 583 M,
738 504 1086 563 abnuerent.
1174 502 1386 563 Civilis
1443 504 1730 581 primores
1783 505 1982 582 gentis
2034 511 2093 564 et

295 598 698 691 ξὸαξπξξνῇοᾞιζ
737 601 1217 678 promptissimos
1287 600 1449 679 vulgi
1526 601 1718 679 specie
1788 601 2092 680 epularum

297 698 496 743 ‘mm‘-
734 718 963 757 sacrum
1006 699 1068 757 in
1112 718 1323 757 nemus
1365 705 1623 769 vo'catOS,
1667 699 1770 758 ubi
1810 705 1984 758 nocte
2024 719 2092 758 ac

292 793 522 854 laetitia
578 794 892 854 incaluisse
951 794 1136 869 videt,
1195 815 1230 854 a
1290 794 1465 854 laude
1532 794 1838 872 gloriaque
1898 796 2091 873 gentis

291 911 460 951 orsus
527 892 774 951 iniurias
843 899 906 950 et
973 899 1180 969 raptus
1251 899 1313 951 et
1380 900 1575 951 cetera
1642 892 1870 952 servitii
1939 892 2094 952 mala

209 1001 265 1056 15
291 995 640 1049 enumerat:
683 1009 875 1067 neque
918 989 1078 1048 enim
1107 989 1468 1063 societatem,
1499 996 1570 1048 ut
1612 989 1770 1063 olim,
1803 989 1908 1049 sed
1949 997 2093 1048 tam·

290 1105 471 1162 quam
489 1086 785 1163 mancipia
801 1085 1011 1146 haberi
1038 1109 1050 1146 ε
1093 1086 1334 1164 quando
1356 1085 1635 1165 legatum,
1659 1087 1827 1165 gravi
1850 1085 2092 1163 quidem

289 1183 580 1243 comitatu
628 1190 690 1243 et
737 1185 1009 1261 superbe,
1041 1204 1177 1243 cum
1225 1184 1474 1261 imperio
1515 1185 1759 1243 venire?
1843 1183 2001 1243 tradi
2030 1203 2092 1242 se

288 1280 601 1357 praefectis
631 1280 1239 1358 centurionibusque:
1282 1300 1435 1358 quos
1463 1281 1567 1340 ubi
1609 1279 1818 1358 spoliis
1861 1287 1923 1340 et
1965 1300 2094 1339 san·

287 1377 466 1455 guine
511 1377 907 1454 expleverint,
939 1379 1179 1451 mutari,
1213 1378 1567 1455 exquirique
1605 1397 1793 1438 novos
1838 1377 2002 1437 sinus
2031 1386 2094 1437 et

199 1490 264 1525 20
287 1474 453 1533 varia
506 1474 835 1552 praedandi
890 1475 1192 1535 vocabula.
1309 1476 1535 1535 instare
1606 1475 1914 1548 dilectum,
1973 1495 2093 1552 quo

286 1570 459 1630 liberi
487 1591 519 1629 a
548 1571 916 1648 parentibuS,
947 1572 1164 1631 fratres
1186 1592 1222 1631 a
1249 1572 1536 1632 fratribus
1560 1571 1729 1632 velut
1748 1561 2094 1650 supremum

284 1666 648 1727 dividantur.
709 1687 1035 1745 numquam
1063 1669 1252 1747 magis
1279 1669 1580 1729 adflictam
1607 1689 1732 1728 rem
1759 1669 2094 1729 Romanam

285 1783 393 1823 nec
420 1763 582 1822 aliud
631 1764 696 1822 in
724 1763 988 1824 hibernis
1030 1785 1213 1844 quam
1254 1766 1536 1845 praedam
1566 1774 1628 1826 et
1669 1786 1876 1826 senes:
1919 1766 2093 1825 attol-

281 1861 474 1921 lerent
500 1868 738 1922 tantum
787 1862 986 1922 oculos
1034 1870 1098 1923 et
1142 1865 1345 1923 inania
1385 1863 1687 1942 legionum
1733 1864 1976 1923 nomina
2015 1884 2093 1923 ne

195 1968 256 2022 25
282 1965 676 2036 pavescerent.
809 1966 873 2019 at
929 1960 1042 2020 sibi
1098 1961 1280 2021 robur
1346 1961 1619 2039 peditum
1680 1962 2090 2039 equitumque,

283 2056 751 2135 consanguineos
823 2057 1173 2131 GermanOS,
1246 2058 1472 2118 Gallias
1540 2058 1702 2119 idem
1771 2058 2087 2136 cupientis.

281 2174 357 2212 ne
384 2153 671 2213 Romanis
700 2153 944 2231 quidem
972 2155 1279 2233 ingratum
1307 2155 1369 2215 id
1398 2155 1640 2229 bellum,
1671 2156 1836 2215 cuius
1865 2156 2095 2234 ambig-

279 2270 420 2309 uam
487 2251 792 2310 fortunam
862 2251 1229 2331 Vespasiano
1298 2252 1720 2331 inputaturos:
1803 2252 2094 2313 victoriae

281 2348 575 2407 rationem
603 2367 724 2407 non
762 2348 952 2408 reddi.

176 2442 253 2505 15
360 2443 495 2503 XV.
579 2444 803 2521 Magno
846 2465 980 2504 cum
1022 2445 1279 2505 adsensu
1308 2447 1551 2506 auditus
1580 2446 1832 2507 barbaro
1873 2447 2001 2506 ritu
2031 2454 2097 2505 et

277 2540 486 2619 patriis
540 2541 1045 2601 exsecrationibus
1101 2544 1410 2602 universos
1479 2544 1686 2623 adigit.
1788 2543 1955 2603 missi
2013 2544 2096 2603 ad

278 2636 700 2697 Canninefates
729 2638 833 2715 qui
880 2638 1126 2698 consilia
1163 2640 1472 2700 sociarent.
1559 2660 1628 2700 ea
1668 2660 1812 2719 gens
1853 2646 2097 2718 partem

275 2734 504 2794 insulae
542 2733 700 2805 colit,
731 2734 961 2813 origine
1001 2735 1209 2813 lingua
1238 2737 1463 2796 virtute
1504 2756 1614 2815 par
1654 2736 1900 2797 Batavis
1924 2757 1941 2809 3
1983 2756 2098 2795 nu-

220 2851 249 2905 5
275 2848 439 2890 mero
507 2836 885 2908 superantur.
1011 2851 1154 2890 mox
1222 2831 1468 2891 occultis
1537 2832 1768 2892 nuntiis
1836 2830 2096 2909 pellexit

274 2927 622 2987 Britannica
668 2926 907 2999 auxilia,
965 2927 1335 2989 Batavorum
1405 2930 1676 2989 cohortes
1744 2929 1953 2989 missas
2022 2928 2097 2987 in

278 3022 678 3094 Germaniam,
713 3029 785 3082 ut
825 3044 1004 3102 supra
1036 3025 1401 3098 rettulimus,
1437 3046 1505 3085 ac
1543 3033 1675 3085 tum
1715 3023 2094 3103 Mogontiaci

328 3162 494 3201 Brimo
516 3163 679 3202 anach,
720 3127 978 3197 agentes.
1066 3129 1197 3182 erat
1217 3122 1280 3181 in
1305 3121 1801 3183 Canninefatibus
1830 3120 2098 3182 stolidae

277 3222 308 3249 a
324 3212 624 3259 R⁰ma⁷²s⁰r⁶⁶·
723 3215 1003 3276 audaciae
1060 3218 1310 3291 Brinn0,
1355 3220 1624 3280 claritate
1666 3218 1960 3279 natalium
2004 3219 2099 3277 in-

192 3325 252 3361 10
280 3306 475 3381 signi;
544 3312 715 3382 pater
762 3310 889 3368 eius
936 3312 1128 3371 multa
1184 3313 1426 3374 hostilia
1483 3335 1662 3375 ausus
1719 3317 2096 3377 Gaianarum
