<?xml version="1.0" encoding="UTF-8"?>
<!DOCTYPE html PUBLIC "-//W3C//DTD XHTML 1.0 Transitional//EN"
    "http://www.w3.org/TR/xhtml1/DTD/xhtml1-transitional.dtd">
<html xmlns="http://www.w3.org/1999/xhtml" xml:lang="en" lang="en">
 <head>
  <title>
</title>
<meta http-equiv="Content-Type" content="text/html;charset=utf-8" />
  <meta name='ocr-system' content='tesseract 3.04.00' />
  <meta name='ocr-capabilities' content='ocr_page ocr_carea ocr_par ocr_line ocrx_word'/>
</head>
<body>
  <div class='ocr_page' id='page_1' title='image "./historiestacitu01tacigoog_0165.png"; bbox 0 0 2261 3684; ppageno 0'>
   <div class='ocr_carea' id='block_1_1' title="bbox 621 278 1984 339">
    <p class='ocr_par' dir='ltr' id='par_1_1' title="bbox 621 278 1984 339">
     <span class='ocr_line' id='line_1_1' title="bbox 621 278 1984 339; baseline 0 -1"><span class='ocrx_word' id='word_1_1' title='bbox 621 278 1017 339; x_wconf 81' lang='lat' dir='ltr'><em>HISTORIA</em></span> <span class='ocrx_word' id='word_1_2' title='bbox 1024 278 1080 338; x_wconf 79' lang='lat' dir='ltr'><em>R</em></span> <span class='ocrx_word' id='word_1_3' title='bbox 1088 279 1215 339; x_wconf 78' lang='grc' dir='ltr'><strong>ΠΜ</strong></span> <span class='ocrx_word' id='word_1_4' title='bbox 1263 279 1412 339; x_wconf 85' lang='lat' dir='ltr'><strong>LIB.</strong></span> <span class='ocrx_word' id='word_1_5' title='bbox 1467 280 1529 338; x_wconf 89' lang='lat' dir='ltr'><strong>V.</strong></span> <span class='ocrx_word' id='word_1_6' title='bbox 1873 282 1984 339; x_wconf 87' lang='grc'><strong>139</strong></span> 
     </span>
    </p>
   </div>
   <div class='ocr_carea' id='block_1_2' title="bbox 182 439 2109 2466">
    <p class='ocr_par' dir='ltr' id='par_1_2' title="bbox 182 439 2045 694">
     <span class='ocr_line' id='line_1_2' title="bbox 183 439 1989 519; baseline 0.001 -21"><span class='ocrx_word' id='word_1_7' title='bbox 183 439 564 519; x_wconf 79' lang='lat' dir='ltr'>Briganticus</span> <span class='ocrx_word' id='word_1_8' title='bbox 618 440 953 518; x_wconf 78' lang='lat' dir='ltr'><strong>praefectus</strong></span> <span class='ocrx_word' id='word_1_9' title='bbox 1015 440 1143 499; x_wconf 90' lang='lat' dir='ltr'><strong>alae</strong></span> <span class='ocrx_word' id='word_1_10' title='bbox 1199 440 1507 514; x_wconf 77' lang='lat' dir='ltr'><strong>ceciderat,</strong></span> <span class='ocrx_word' id='word_1_11' title='bbox 1567 460 1743 518; x_wconf 90' lang='lat' dir='ltr'><strong>quem</strong></span> <span class='ocrx_word' id='word_1_12' title='bbox 1800 440 1989 499; x_wconf 92' lang='lat' dir='ltr'><strong>fidum</strong></span> 
     </span>
     <span class='ocr_line' id='line_1_3' title="bbox 182 537 2045 619; baseline -0.001 -23"><span class='ocrx_word' id='word_1_13' title='bbox 182 538 474 597; x_wconf 87' lang='lat' dir='ltr'><strong>Romanis</strong></span> <span class='ocrx_word' id='word_1_14' title='bbox 534 544 595 598; x_wconf 92' lang='lat' dir='ltr'><strong>et</strong></span> <span class='ocrx_word' id='word_1_15' title='bbox 658 537 838 598; x_wconf 83' lang='lat' dir='ltr'><strong>Civili</strong></span> <span class='ocrx_word' id='word_1_16' title='bbox 897 537 1191 597; x_wconf 89' lang='lat' dir='ltr'><strong>avunculo</strong></span> <span class='ocrx_word' id='word_1_17' title='bbox 1248 537 1546 596; x_wconf 86' lang='lat' dir='ltr'><strong>infensum</strong></span> <span class='ocrx_word' id='word_1_18' title='bbox 1589 581 1664 619; x_wconf 62' lang='lat' dir='ltr'><strong>bu,</strong></span> <span class='ocrx_word' id='word_1_19' title='bbox 1698 580 1874 618; x_wconf 51' lang='lat' dir='ltr'><strong>mum,</strong></span> <span class='ocrx_word' id='word_1_20' title='bbox 1900 590 1990 618; x_wconf 68' lang='lat' dir='ltr'><strong>sue-</strong></span> <span class='ocrx_word' id='word_1_21' title='bbox 2018 555 2045 609; x_wconf 84' lang='lat'>5</span> 
     </span>
     <span class='ocr_line' id='line_1_4' title="bbox 182 632 1678 694; baseline -0.001 -1"><span class='ocrx_word' id='word_1_22' title='bbox 182 633 465 693; x_wconf 80' lang='lat' dir='ltr'><strong>diximus,</strong></span> <span class='ocrx_word' id='word_1_23' title='bbox 551 633 656 693; x_wconf 91' lang='lat' dir='ltr'><strong>sed</strong></span> <span class='ocrx_word' id='word_1_24' title='bbox 692 633 799 692; x_wconf 91' lang='lat' dir='ltr'><strong>ubi</strong></span> <span class='ocrx_word' id='word_1_25' title='bbox 840 632 1088 694; x_wconf 82' lang='lat' dir='ltr'><strong>Cerialis</strong></span> <span class='ocrx_word' id='word_1_26' title='bbox 1132 653 1269 692; x_wconf 92' lang='lat' dir='ltr'><strong>cum</strong></span> <span class='ocrx_word' id='word_1_27' title='bbox 1317 632 1547 692; x_wconf 84' lang='lat' dir='ltr'><strong>delecta</strong></span> <span class='ocrx_word' id='word_1_28' title='bbox 1587 641 1678 669; x_wconf 73' lang='lat'><strong>⁶⁶⁸⁸·</strong></span> 
     </span>
    </p>

    <p class='ocr_par' dir='ltr' id='par_1_3' title="bbox 183 716 2084 1959">
     <span class='ocr_line' id='line_1_5' title="bbox 183 716 1991 808; baseline -0.003 -17"><span class='ocrx_word' id='word_1_29' title='bbox 183 730 458 808; x_wconf 89' lang='lat' dir='ltr'><strong>equitum</strong></span> <span class='ocrx_word' id='word_1_30' title='bbox 513 751 697 791; x_wconf 87' lang='lat' dir='ltr'><strong>manu</strong></span> <span class='ocrx_word' id='word_1_31' title='bbox 752 730 1049 803; x_wconf 78' lang='lat' dir='ltr'><strong>subvenit,</strong></span> <span class='ocrx_word' id='word_1_32' title='bbox 1107 716 1280 789; x_wconf 83' lang='lat' dir='ltr'><strong>versa</strong></span> <span class='ocrx_word' id='word_1_33' title='bbox 1346 730 1588 789; x_wconf 87' lang='lat' dir='ltr'><strong>fortuna</strong></span> <span class='ocrx_word' id='word_1_34' title='bbox 1641 726 1991 806; x_wconf 88' lang='lat' dir='ltr'><strong>praecipites</strong></span> 
     </span>
     <span class='ocr_line' id='line_1_6' title="bbox 185 823 1992 906; baseline -0.002 -18"><span class='ocrx_word' id='word_1_35' title='bbox 185 828 475 888; x_wconf 86' lang='lat' dir='ltr'><strong>Germani</strong></span> <span class='ocrx_word' id='word_1_36' title='bbox 514 829 578 888; x_wconf 95' lang='lat' dir='ltr'><strong>in</strong></span> <span class='ocrx_word' id='word_1_37' title='bbox 617 847 855 887; x_wconf 90' lang='lat' dir='ltr'><strong>amnem</strong></span> <span class='ocrx_word' id='word_1_38' title='bbox 893 834 1169 906; x_wconf 85' lang='lat' dir='ltr'><strong>aguntur.</strong></span> <span class='ocrx_word' id='word_1_39' title='bbox 1257 825 1468 885; x_wconf 82' lang='lat' dir='ltr'><strong>Civilis</strong></span> <span class='ocrx_word' id='word_1_40' title='bbox 1509 823 1654 883; x_wconf 91' lang='lat' dir='ltr'><strong>dum</strong></span> <span class='ocrx_word' id='word_1_41' title='bbox 1694 824 1992 902; x_wconf 90' lang='lat' dir='ltr'><strong>fugientes</strong></span> 
     </span>
     <span class='ocr_line' id='line_1_7' title="bbox 184 922 1993 1004; baseline -0.004 -19"><span class='ocrx_word' id='word_1_42' title='bbox 184 931 468 997; x_wconf 84' lang='lat' dir='ltr'><strong>retentat,</strong></span> <span class='ocrx_word' id='word_1_43' title='bbox 500 924 783 1004; x_wconf 83' lang='lat' dir='ltr'><strong>adgnitus</strong></span> <span class='ocrx_word' id='word_1_44' title='bbox 826 924 1173 1002; x_wconf 84' lang='lat' dir='ltr'><strong>petitusque</strong></span> <span class='ocrx_word' id='word_1_45' title='bbox 1214 922 1350 981; x_wconf 89' lang='lat' dir='ltr'><strong>telis</strong></span> <span class='ocrx_word' id='word_1_46' title='bbox 1383 922 1589 981; x_wconf 86' lang='lat' dir='ltr'><strong>relicto</strong></span> <span class='ocrx_word' id='word_1_47' title='bbox 1618 939 1771 998; x_wconf 90' lang='lat' dir='ltr'><strong>equo</strong></span> <span class='ocrx_word' id='word_1_48' title='bbox 1800 927 1993 979; x_wconf 88' lang='lat' dir='ltr'><strong>trana-</strong></span> 
     </span>
     <span class='ocr_line' id='line_1_8' title="bbox 185 1018 2084 1099; baseline 0 -17"><span class='ocrx_word' id='word_1_49' title='bbox 185 1021 349 1082; x_wconf 85' lang='lat' dir='ltr'><strong>tavit</strong></span> <span class='ocrx_word' id='word_1_50' title='bbox 370 1046 386 1097; x_wconf 84' lang='lat'>3</span> <span class='ocrx_word' id='word_1_51' title='bbox 426 1022 588 1082; x_wconf 91' lang='lat' dir='ltr'><strong>idem</strong></span> <span class='ocrx_word' id='word_1_52' title='bbox 618 1021 831 1081; x_wconf 89' lang='lat' dir='ltr'><strong>Veraci</strong></span> <span class='ocrx_word' id='word_1_53' title='bbox 860 1020 1146 1099; x_wconf 87' lang='lat' dir='ltr'><strong>effugium</strong></span> <span class='ocrx_word' id='word_1_54' title='bbox 1175 1044 1187 1080; x_wconf 91' lang='lat'><strong>:</strong></span> <span class='ocrx_word' id='word_1_55' title='bbox 1228 1019 1515 1079; x_wconf 89' lang='lat' dir='ltr'><strong>Tutorem</strong></span> <span class='ocrx_word' id='word_1_56' title='bbox 1550 1018 1992 1096; x_wconf 82' lang='lat' dir='ltr'><strong>Classicumque</strong></span> <span class='ocrx_word' id='word_1_57' title='bbox 2024 1045 2084 1081; x_wconf 89' lang='lat'><strong>10</strong></span> 
     </span>
     <span class='ocr_line' id='line_1_9' title="bbox 185 1115 1996 1195; baseline -0.002 -18"><span class='ocrx_word' id='word_1_58' title='bbox 185 1117 476 1195; x_wconf 85' lang='lat' dir='ltr'><strong>adpulsae</strong></span> <span class='ocrx_word' id='word_1_59' title='bbox 498 1118 707 1178; x_wconf 87' lang='lat' dir='ltr'><strong>lintres</strong></span> <span class='ocrx_word' id='word_1_60' title='bbox 728 1124 1129 1177; x_wconf 88' lang='lat' dir='ltr'><strong>transvexere.</strong></span> <span class='ocrx_word' id='word_1_61' title='bbox 1215 1136 1291 1176; x_wconf 91' lang='lat' dir='ltr'><strong>ne</strong></span> <span class='ocrx_word' id='word_1_62' title='bbox 1313 1122 1444 1175; x_wconf 90' lang='lat' dir='ltr'><strong>tum</strong></span> <span class='ocrx_word' id='word_1_63' title='bbox 1465 1115 1705 1194; x_wconf 87' lang='lat' dir='ltr'><strong>quidem</strong></span> <span class='ocrx_word' id='word_1_64' title='bbox 1724 1116 1996 1175; x_wconf 85' lang='lat' dir='ltr'><strong>Romana</strong></span> 
     </span>
     <span class='ocr_line' id='line_1_10' title="bbox 187 1213 1997 1295; baseline -0.002 -20"><span class='ocrx_word' id='word_1_65' title='bbox 187 1215 395 1275; x_wconf 87' lang='lat' dir='ltr'><strong>classis</strong></span> <span class='ocrx_word' id='word_1_66' title='bbox 432 1235 666 1295; x_wconf 87' lang='lat' dir='ltr'><strong>pugnae</strong></span> <span class='ocrx_word' id='word_1_67' title='bbox 696 1214 907 1288; x_wconf 87' lang='lat' dir='ltr'><strong>adfuit,</strong></span> <span class='ocrx_word' id='word_1_68' title='bbox 937 1221 1007 1273; x_wconf 95' lang='lat' dir='ltr'><strong>ut</strong></span> <span class='ocrx_word' id='word_1_69' title='bbox 1034 1214 1264 1273; x_wconf 90' lang='lat' dir='ltr'><strong>iussum</strong></span> <span class='ocrx_word' id='word_1_70' title='bbox 1298 1219 1442 1285; x_wconf 91' lang='lat' dir='ltr'><strong>erat,</strong></span> <span class='ocrx_word' id='word_1_71' title='bbox 1473 1213 1576 1272; x_wconf 91' lang='lat' dir='ltr'><strong>sed</strong></span> <span class='ocrx_word' id='word_1_72' title='bbox 1616 1213 1852 1273; x_wconf 90' lang='lat' dir='ltr'><strong>obstitit</strong></span> <span class='ocrx_word' id='word_1_73' title='bbox 1883 1213 1997 1273; x_wconf 92' lang='lat' dir='ltr'><strong>for-</strong></span> 
     </span>
     <span class='ocr_line' id='line_1_11' title="bbox 187 1310 1996 1391; baseline 0 -20"><span class='ocrx_word' id='word_1_74' title='bbox 187 1311 359 1372; x_wconf 90' lang='lat' dir='ltr'><strong>mido</strong></span> <span class='ocrx_word' id='word_1_75' title='bbox 388 1320 449 1372; x_wconf 90' lang='lat' dir='ltr'><strong>et</strong></span> <span class='ocrx_word' id='word_1_76' title='bbox 475 1313 730 1391; x_wconf 89' lang='lat' dir='ltr'><strong>remiges</strong></span> <span class='ocrx_word' id='word_1_77' title='bbox 757 1332 865 1390; x_wconf 91' lang='lat' dir='ltr'><strong>per</strong></span> <span class='ocrx_word' id='word_1_78' title='bbox 891 1311 1008 1371; x_wconf 89' lang='lat' dir='ltr'><strong>alia</strong></span> <span class='ocrx_word' id='word_1_79' title='bbox 1027 1311 1257 1370; x_wconf 90' lang='lat' dir='ltr'><strong>militae</strong></span> <span class='ocrx_word' id='word_1_80' title='bbox 1277 1310 1484 1370; x_wconf 90' lang='lat' dir='ltr'><strong>munia</strong></span> <span class='ocrx_word' id='word_1_81' title='bbox 1504 1311 1769 1388; x_wconf 88' lang='lat' dir='ltr'><strong>dispersi.</strong></span> <span class='ocrx_word' id='word_1_82' title='bbox 1856 1330 1996 1371; x_wconf 92' lang='lat' dir='ltr'><strong>sane</strong></span> 
     </span>
     <span class='ocr_line' id='line_1_12' title="bbox 191 1408 1995 1489; baseline -0.002 -18"><span class='ocrx_word' id='word_1_83' title='bbox 191 1410 447 1471; x_wconf 86' lang='lat' dir='ltr'><strong>Cerialis</strong></span> <span class='ocrx_word' id='word_1_84' title='bbox 473 1430 684 1489; x_wconf 88' lang='lat' dir='ltr'><strong>parum</strong></span> <span class='ocrx_word' id='word_1_85' title='bbox 707 1409 993 1488; x_wconf 88' lang='lat' dir='ltr'><strong>temporis</strong></span> <span class='ocrx_word' id='word_1_86' title='bbox 1022 1408 1098 1468; x_wconf 90' lang='lat' dir='ltr'><strong>ad</strong></span> <span class='ocrx_word' id='word_1_87' title='bbox 1129 1408 1507 1486; x_wconf 85' lang='lat' dir='ltr'><strong>exsequenda</strong></span> <span class='ocrx_word' id='word_1_88' title='bbox 1527 1408 1776 1486; x_wconf 90' lang='lat' dir='ltr'><strong>imperia</strong></span> <span class='ocrx_word' id='word_1_89' title='bbox 1796 1409 1995 1483; x_wconf 89' lang='lat' dir='ltr'><strong>dabat,</strong></span> 
     </span>
     <span class='ocr_line' id='line_1_13' title="bbox 191 1506 2084 1580; baseline -0.002 -12"><span class='ocrx_word' id='word_1_90' title='bbox 191 1508 430 1568; x_wconf 88' lang='lat' dir='ltr'><strong>subitus</strong></span> <span class='ocrx_word' id='word_1_91' title='bbox 486 1507 750 1567; x_wconf 89' lang='lat' dir='ltr'><strong>consiliis</strong></span> <span class='ocrx_word' id='word_1_92' title='bbox 807 1515 866 1567; x_wconf 90' lang='lat' dir='ltr'><strong>et</strong></span> <span class='ocrx_word' id='word_1_93' title='bbox 921 1514 1141 1567; x_wconf 88' lang='lat' dir='ltr'><strong>eventu</strong></span> <span class='ocrx_word' id='word_1_94' title='bbox 1186 1506 1415 1566; x_wconf 87' lang='lat' dir='ltr'><strong>clarus:</strong></span> <span class='ocrx_word' id='word_1_95' title='bbox 1478 1506 1684 1566; x_wconf 89' lang='lat' dir='ltr'><strong>aderat</strong></span> <span class='ocrx_word' id='word_1_96' title='bbox 1736 1506 1992 1580; x_wconf 82' lang='lat' dir='ltr'><strong>fortuna,</strong></span> <span class='ocrx_word' id='word_1_97' title='bbox 2028 1525 2084 1577; x_wconf 83' lang='lat'><strong>15</strong></span> 
     </span>
     <span class='ocr_line' id='line_1_14' title="bbox 193 1604 1997 1683; baseline -0.001 -17"><span class='ocrx_word' id='word_1_98' title='bbox 193 1606 380 1666; x_wconf 89' lang='lat' dir='ltr'><strong>etiam</strong></span> <span class='ocrx_word' id='word_1_99' title='bbox 427 1606 531 1665; x_wconf 92' lang='lat' dir='ltr'><strong>ubi</strong></span> <span class='ocrx_word' id='word_1_100' title='bbox 579 1613 737 1666; x_wconf 87' lang='lat' dir='ltr'><strong>artes</strong></span> <span class='ocrx_word' id='word_1_101' title='bbox 792 1605 1166 1678; x_wconf 84' lang='lat' dir='ltr'><strong>defuissent;</strong></span> <span class='ocrx_word' id='word_1_102' title='bbox 1234 1604 1375 1663; x_wconf 90' lang='lat' dir='ltr'><strong>hinc</strong></span> <span class='ocrx_word' id='word_1_103' title='bbox 1428 1604 1543 1682; x_wconf 90' lang='lat' dir='ltr'><strong>ipsi</strong></span> <span class='ocrx_word' id='word_1_104' title='bbox 1593 1604 1997 1683; x_wconf 85' lang='lat' dir='ltr'><strong>exercituique</strong></span> 
     </span>
     <span class='ocr_line' id='line_1_15' title="bbox 195 1701 1999 1780; baseline 0 -18"><span class='ocrx_word' id='word_1_105' title='bbox 195 1703 395 1762; x_wconf 91' lang='lat' dir='ltr'><strong>minor</strong></span> <span class='ocrx_word' id='word_1_106' title='bbox 435 1722 576 1762; x_wconf 89' lang='lat' dir='ltr'><strong>cura</strong></span> <span class='ocrx_word' id='word_1_107' title='bbox 624 1701 985 1780; x_wconf 88' lang='lat' dir='ltr'><strong>disciplinae.</strong></span> <span class='ocrx_word' id='word_1_108' title='bbox 1073 1708 1136 1761; x_wconf 91' lang='lat' dir='ltr'><strong>et</strong></span> <span class='ocrx_word' id='word_1_109' title='bbox 1176 1721 1392 1779; x_wconf 88' lang='lat' dir='ltr'><strong>paucos</strong></span> <span class='ocrx_word' id='word_1_110' title='bbox 1434 1708 1570 1778; x_wconf 92' lang='lat' dir='ltr'><strong>post</strong></span> <span class='ocrx_word' id='word_1_111' title='bbox 1611 1701 1755 1774; x_wconf 91' lang='lat' dir='ltr'><strong>dies,</strong></span> <span class='ocrx_word' id='word_1_112' title='bbox 1799 1722 1999 1780; x_wconf 91' lang='lat' dir='ltr'><strong>quam-</strong></span> 
     </span>
     <span class='ocr_line' id='line_1_16' title="bbox 195 1798 2000 1880; baseline 0.001 -19"><span class='ocrx_word' id='word_1_113' title='bbox 195 1821 380 1880; x_wconf 91' lang='lat' dir='ltr'><strong>quam</strong></span> <span class='ocrx_word' id='word_1_114' title='bbox 420 1799 751 1879; x_wconf 90' lang='lat' dir='ltr'><strong>periculum</strong></span> <span class='ocrx_word' id='word_1_115' title='bbox 793 1799 1161 1879; x_wconf 86' lang='lat' dir='ltr'><strong>captivitatis</strong></span> <span class='ocrx_word' id='word_1_116' title='bbox 1203 1799 1503 1874; x_wconf 86' lang='lat' dir='ltr'><strong>evasisset,</strong></span> <span class='ocrx_word' id='word_1_117' title='bbox 1533 1798 1838 1859; x_wconf 86' lang='lat' dir='ltr'><strong>infamiam</strong></span> <span class='ocrx_word' id='word_1_118' title='bbox 1879 1821 2000 1862; x_wconf 95' lang='lat' dir='ltr'><strong>non</strong></span> 
     </span>
     <span class='ocr_line' id='line_1_17' title="bbox 195 1899 433 1959; baseline -0.008 0"><span class='ocrx_word' id='word_1_119' title='bbox 195 1899 433 1959; x_wconf 83' lang='lat' dir='ltr'><strong>vitavit.</strong></span> 
     </span>
    </p>

    <p class='ocr_par' dir='ltr' id='par_1_4' title="bbox 198 1992 2109 2466">
     <span class='ocr_line' id='line_1_18' title="bbox 282 1992 2109 2069; baseline -0.001 -14"><span class='ocrx_word' id='word_1_120' title='bbox 282 1995 486 2055; x_wconf 89' lang='lat' dir='ltr'>XXII.</span> <span class='ocrx_word' id='word_1_121' title='bbox 532 1994 843 2054; x_wconf 87' lang='lat' dir='ltr'><strong>Profectus</strong></span> <span class='ocrx_word' id='word_1_122' title='bbox 870 1993 1238 2053; x_wconf 87' lang='lat' dir='ltr'><strong>Novaesium</strong></span> <span class='ocrx_word' id='word_1_123' title='bbox 1255 1992 1644 2069; x_wconf 89' lang='lat' dir='ltr'><strong>Bonnamque</strong></span> <span class='ocrx_word' id='word_1_124' title='bbox 1662 1992 1739 2052; x_wconf 91' lang='lat' dir='ltr'><strong>ad</strong></span> <span class='ocrx_word' id='word_1_125' title='bbox 1758 1994 2003 2054; x_wconf 89' lang='lat' dir='ltr'><strong>visenda</strong></span> <span class='ocrx_word' id='word_1_126' title='bbox 2027 2000 2109 2064; x_wconf 84' lang='lat'><strong>22</strong></span> 
     </span>
     <span class='ocr_line' id='line_1_19' title="bbox 198 2090 2002 2169; baseline -0.001 -16"><span class='ocrx_word' id='word_1_127' title='bbox 198 2101 411 2168; x_wconf 86' lang='lat' dir='ltr'><strong>castra,</strong></span> <span class='ocrx_word' id='word_1_128' title='bbox 442 2112 593 2169; x_wconf 92' lang='lat' dir='ltr'><strong>quae</strong></span> <span class='ocrx_word' id='word_1_129' title='bbox 611 2090 959 2152; x_wconf 90' lang='lat' dir='ltr'><strong>hiematuris</strong></span> <span class='ocrx_word' id='word_1_130' title='bbox 977 2090 1310 2169; x_wconf 88' lang='lat' dir='ltr'><strong>legionibus</strong></span> <span class='ocrx_word' id='word_1_131' title='bbox 1328 2090 1726 2169; x_wconf 89' lang='lat' dir='ltr'><strong>erigebantur,</strong></span> <span class='ocrx_word' id='word_1_132' title='bbox 1751 2092 2002 2152; x_wconf 89' lang='lat' dir='ltr'><strong>navibus</strong></span> 
     </span>
     <span class='ocr_line' id='line_1_20' title="bbox 199 2187 2006 2266; baseline 0 -16"><span class='ocrx_word' id='word_1_133' title='bbox 199 2191 506 2251; x_wconf 87' lang='lat' dir='ltr'><strong>remeabat</strong></span> <span class='ocrx_word' id='word_1_134' title='bbox 535 2190 783 2249; x_wconf 89' lang='lat' dir='ltr'><strong>disiecto</strong></span> <span class='ocrx_word' id='word_1_135' title='bbox 812 2189 1065 2266; x_wconf 90' lang='lat' dir='ltr'><strong>agmine,</strong></span> <span class='ocrx_word' id='word_1_136' title='bbox 1098 2188 1408 2247; x_wconf 85' lang='lat' dir='ltr'><strong>incuriosis</strong></span> <span class='ocrx_word' id='word_1_137' title='bbox 1425 2187 1660 2266; x_wconf 84' lang='lat' dir='ltr'><strong>vigiliis.</strong></span> <span class='ocrx_word' id='word_1_138' title='bbox 1747 2190 2006 2250; x_wconf 90' lang='lat' dir='ltr'><strong>animad-</strong></span> 
     </span>
     <span class='ocr_line' id='line_1_21' title="bbox 199 2284 2006 2363; baseline 0.001 -15"><span class='ocrx_word' id='word_1_139' title='bbox 199 2308 444 2349; x_wconf 86' lang='lat' dir='ltr'><strong>versum</strong></span> <span class='ocrx_word' id='word_1_140' title='bbox 489 2286 555 2346; x_wconf 91' lang='lat' dir='ltr'><strong>id</strong></span> <span class='ocrx_word' id='word_1_141' title='bbox 610 2285 924 2346; x_wconf 83' lang='lat' dir='ltr'><strong>Germanis</strong></span> <span class='ocrx_word' id='word_1_142' title='bbox 969 2292 1033 2344; x_wconf 90' lang='lat' dir='ltr'><strong>et</strong></span> <span class='ocrx_word' id='word_1_143' title='bbox 1079 2284 1328 2352; x_wconf 86' lang='lat' dir='ltr'><strong>insidias</strong></span> <span class='ocrx_word' id='word_1_144' title='bbox 1378 2305 1777 2363; x_wconf 87' lang='lat' dir='ltr'><strong>conposuere:</strong></span> <span class='ocrx_word' id='word_1_145' title='bbox 1819 2288 2006 2349; x_wconf 87' lang='lat' dir='ltr'><strong>electa</strong></span> 
     </span>
     <span class='ocr_line' id='line_1_22' title="bbox 201 2382 2061 2466; baseline -0.002 -21"><span class='ocrx_word' id='word_1_146' title='bbox 201 2405 329 2445; x_wconf 84' lang='lat' dir='ltr'><strong>nox</strong></span> <span class='ocrx_word' id='word_1_147' title='bbox 416 2390 546 2442; x_wconf 91' lang='lat' dir='ltr'><strong>atra</strong></span> <span class='ocrx_word' id='word_1_148' title='bbox 627 2382 905 2456; x_wconf 75' lang='lat' dir='ltr'><strong>nubibuS,</strong></span> <span class='ocrx_word' id='word_1_149' title='bbox 982 2389 1044 2442; x_wconf 91' lang='lat' dir='ltr'><strong>et</strong></span> <span class='ocrx_word' id='word_1_150' title='bbox 1121 2402 1311 2460; x_wconf 92' lang='lat' dir='ltr'><strong>prono</strong></span> <span class='ocrx_word' id='word_1_151' title='bbox 1389 2402 1563 2442; x_wconf 91' lang='lat' dir='ltr'><strong>amne</strong></span> <span class='ocrx_word' id='word_1_152' title='bbox 2031 2411 2061 2466; x_wconf 81' lang='lat'><strong>5</strong></span> 
     </span>
    </p>
   </div>
   <div class='ocr_carea' id='block_1_3' title="bbox 203 2445 2014 2560">
    <p class='ocr_par' dir='ltr' id='par_1_5' title="bbox 203 2445 2014 2560">
     <span class='ocr_line' id='line_1_23' title="bbox 203 2445 2014 2560; baseline -0.003 -18"><span class='ocrx_word' id='word_1_153' title='bbox 203 2481 364 2560; x_wconf 88' lang='lat' dir='ltr'><strong>rapti</strong></span> <span class='ocrx_word' id='word_1_154' title='bbox 419 2478 584 2539; x_wconf 87' lang='lat' dir='ltr'><strong>nullo</strong></span> <span class='ocrx_word' id='word_1_155' title='bbox 638 2477 994 2557; x_wconf 86' lang='lat' dir='ltr'><strong>prohibente</strong></span> <span class='ocrx_word' id='word_1_156' title='bbox 1048 2478 1273 2537; x_wconf 89' lang='lat' dir='ltr'><strong>vallum</strong></span> <span class='ocrx_word' id='word_1_157' title='bbox 1337 2479 1561 2538; x_wconf 89' lang='lat' dir='ltr'><strong>ineunt.</strong></span> <span class='ocrx_word' id='word_1_158' title='bbox 1608 2445 1920 2545; x_wconf 45' lang='lat' dir='ltr'><strong>afflass‘ssffio,</strong></span> <span class='ocrx_word' id='word_1_159' title='bbox 1958 2450 2014 2548; x_wconf 62' lang='grc' dir='ltr'><strong>ῗζ</strong></span> 
     </span>
    </p>
   </div>
   <div class='ocr_carea' id='block_1_4' title="bbox 203 2544 2104 2945">
    <p class='ocr_par' dir='ltr' id='par_1_6' title="bbox 203 2544 2104 2945">
     <span class='ocr_line' id='line_1_24' title="bbox 203 2544 1910 2657; baseline -0.001 -21"><span class='ocrx_word' id='word_1_160' title='bbox 203 2578 400 2657; x_wconf 89' lang='lat' dir='ltr'><strong>prima</strong></span> <span class='ocrx_word' id='word_1_161' title='bbox 482 2574 689 2636; x_wconf 89' lang='lat' dir='ltr'><strong>caedes</strong></span> <span class='ocrx_word' id='word_1_162' title='bbox 774 2582 908 2635; x_wconf 89' lang='lat' dir='ltr'><strong>astu</strong></span> <span class='ocrx_word' id='word_1_163' title='bbox 997 2574 1244 2635; x_wconf 85' lang='lat' dir='ltr'><strong>adiuta:</strong></span> <span class='ocrx_word' id='word_1_164' title='bbox 1366 2575 1568 2635; x_wconf 90' lang='lat' dir='ltr'><strong>incisis</strong></span> <span class='ocrx_word' id='word_1_165' title='bbox 1609 2544 1680 2585; x_wconf 45' lang='grc' dir='ltr'><strong>ωδ</strong></span> <span class='ocrx_word' id='word_1_166' title='bbox 1699 2546 1910 2587; x_wconf 51' lang='lat' dir='ltr'><strong>omn*</strong></span> 
     </span>
     <span class='ocr_line' id='line_1_25' title="bbox 203 2671 2010 2751; baseline -0.001 -17"><span class='ocrx_word' id='word_1_167' title='bbox 203 2672 726 2734; x_wconf 87' lang='lat' dir='ltr'><strong>tabernaculorum</strong></span> <span class='ocrx_word' id='word_1_168' title='bbox 779 2671 1025 2732; x_wconf 89' lang='lat' dir='ltr'><strong>funibus</strong></span> <span class='ocrx_word' id='word_1_169' title='bbox 1081 2672 1329 2732; x_wconf 88' lang='lat' dir='ltr'><strong>suismet</strong></span> <span class='ocrx_word' id='word_1_170' title='bbox 1382 2673 1658 2733; x_wconf 90' lang='lat' dir='ltr'><strong>tentoriis</strong></span> <span class='ocrx_word' id='word_1_171' title='bbox 1702 2680 2010 2751; x_wconf 89' lang='lat' dir='ltr'><strong>coopertos</strong></span> 
     </span>
     <span class='ocr_line' id='line_1_26' title="bbox 205 2769 2012 2848; baseline 0 -16"><span class='ocrx_word' id='word_1_172' title='bbox 205 2770 605 2832; x_wconf 87' lang='lat' dir='ltr'><strong>trucidabant.</strong></span> <span class='ocrx_word' id='word_1_173' title='bbox 723 2769 886 2829; x_wconf 91' lang='lat' dir='ltr'><strong>aliud</strong></span> <span class='ocrx_word' id='word_1_174' title='bbox 940 2790 1151 2848; x_wconf 89' lang='lat' dir='ltr'><strong>agmen</strong></span> <span class='ocrx_word' id='word_1_175' title='bbox 1208 2770 1450 2831; x_wconf 89' lang='lat' dir='ltr'><strong>turbare</strong></span> <span class='ocrx_word' id='word_1_176' title='bbox 1491 2771 1750 2844; x_wconf 87' lang='lat' dir='ltr'><strong>classem,</strong></span> <span class='ocrx_word' id='word_1_177' title='bbox 1794 2772 2012 2832; x_wconf 88' lang='lat' dir='ltr'><strong>inicere</strong></span> 
     </span>
     <span class='ocr_line' id='line_1_27' title="bbox 205 2866 2104 2945; baseline 0.002 -17"><span class='ocrx_word' id='word_1_178' title='bbox 205 2868 422 2943; x_wconf 84' lang='lat' dir='ltr'><strong>vincla,</strong></span> <span class='ocrx_word' id='word_1_179' title='bbox 460 2866 696 2927; x_wconf 91' lang='lat' dir='ltr'><strong>trahere</strong></span> <span class='ocrx_word' id='word_1_180' title='bbox 738 2866 993 2945; x_wconf 83' lang='lat' dir='ltr'><strong>puppis3</strong></span> <span class='ocrx_word' id='word_1_181' title='bbox 1034 2875 1222 2944; x_wconf 91' lang='lat' dir='ltr'><strong>utque</strong></span> <span class='ocrx_word' id='word_1_182' title='bbox 1265 2866 1339 2926; x_wconf 92' lang='lat' dir='ltr'><strong>ad</strong></span> <span class='ocrx_word' id='word_1_183' title='bbox 1381 2868 1710 2928; x_wconf 91' lang='lat' dir='ltr'><strong>fallendum</strong></span> <span class='ocrx_word' id='word_1_184' title='bbox 1752 2868 2008 2941; x_wconf 90' lang='lat' dir='ltr'><strong>silentio,</strong></span> <span class='ocrx_word' id='word_1_185' title='bbox 2043 2894 2104 2931; x_wconf 90' lang='grc' dir='ltr'><strong>ιο</strong></span> 
     </span>
    </p>
   </div>
   <div class='ocr_carea' id='block_1_5' title="bbox 206 2964 2017 3150">
    <p class='ocr_par' dir='ltr' id='par_1_7' title="bbox 206 2964 2017 3150">
     <span class='ocr_line' id='line_1_28' title="bbox 206 2964 2015 3043; baseline 0 -16"><span class='ocrx_word' id='word_1_186' title='bbox 206 2967 298 3027; x_wconf 91' lang='lat' dir='ltr'><strong>ita</strong></span> <span class='ocrx_word' id='word_1_187' title='bbox 337 2973 548 3043; x_wconf 88' lang='lat' dir='ltr'><strong>coepta</strong></span> <span class='ocrx_word' id='word_1_188' title='bbox 588 2964 785 3036; x_wconf 90' lang='lat' dir='ltr'><strong>caede,</strong></span> <span class='ocrx_word' id='word_1_189' title='bbox 828 2984 947 3042; x_wconf 91' lang='lat' dir='ltr'><strong>quo</strong></span> <span class='ocrx_word' id='word_1_190' title='bbox 989 2964 1123 3043; x_wconf 90' lang='lat' dir='ltr'><strong>plus</strong></span> <span class='ocrx_word' id='word_1_191' title='bbox 1164 2965 1408 3025; x_wconf 89' lang='lat' dir='ltr'><strong>terroris</strong></span> <span class='ocrx_word' id='word_1_192' title='bbox 1450 2966 1758 3041; x_wconf 87' lang='lat' dir='ltr'><strong>adderent,</strong></span> <span class='ocrx_word' id='word_1_193' title='bbox 1803 2976 2015 3027; x_wconf 87' lang='lat' dir='ltr'><strong>cuncta</strong></span> 
     </span>
     <span class='ocr_line' id='line_1_29' title="bbox 209 3062 2017 3150; baseline 0.001 -26"><span class='ocrx_word' id='word_1_194' title='bbox 209 3063 570 3125; x_wconf 89' lang='lat' dir='ltr'><strong>clamoribus</strong></span> <span class='ocrx_word' id='word_1_195' title='bbox 638 3062 979 3122; x_wconf 90' lang='lat' dir='ltr'><strong>miscebant.</strong></span> <span class='ocrx_word' id='word_1_196' title='bbox 1097 3062 1353 3122; x_wconf 89' lang='lat' dir='ltr'><strong>Romani</strong></span> <span class='ocrx_word' id='word_1_197' title='bbox 1421 3064 1766 3124; x_wconf 85' lang='lat' dir='ltr'><strong>vulneribus</strong></span> <span class='ocrx_word' id='word_1_198' title='bbox 1835 3065 2017 3150; x_wconf 85' lang='lat' dir='ltr'><strong>exciti</strong></span> 
     </span>
    </p>
   </div>
   <div class='ocr_carea' id='block_1_6' title="bbox 209 3160 2106 3433">
    <p class='ocr_par' dir='ltr' id='par_1_8' title="bbox 209 3160 2106 3433">
     <span class='ocr_line' id='line_1_30' title="bbox 209 3160 2010 3241; baseline 0.001 -20"><span class='ocrx_word' id='word_1_199' title='bbox 209 3167 509 3241; x_wconf 87' lang='lat' dir='ltr'><strong>quaerunt</strong></span> <span class='ocrx_word' id='word_1_200' title='bbox 536 3179 717 3233; x_wconf 89' lang='lat' dir='ltr'><strong>arma,</strong></span> <span class='ocrx_word' id='word_1_201' title='bbox 747 3166 934 3218; x_wconf 91' lang='lat' dir='ltr'><strong>ruunt</strong></span> <span class='ocrx_word' id='word_1_202' title='bbox 961 3179 1068 3236; x_wconf 90' lang='lat' dir='ltr'><strong>per</strong></span> <span class='ocrx_word' id='word_1_203' title='bbox 1105 3160 1250 3231; x_wconf 77' lang='lat' dir='ltr'><strong>viaS,</strong></span> <span class='ocrx_word' id='word_1_204' title='bbox 1284 3162 1455 3238; x_wconf 87' lang='lat' dir='ltr'><strong>pauci</strong></span> <span class='ocrx_word' id='word_1_205' title='bbox 1495 3169 1713 3221; x_wconf 88' lang='lat' dir='ltr'><strong>ornatu</strong></span> <span class='ocrx_word' id='word_1_206' title='bbox 1751 3162 2010 3239; x_wconf 89' lang='lat' dir='ltr'><strong>militari,</strong></span> 
     </span>
     <span class='ocr_line' id='line_1_31' title="bbox 210 3256 2017 3339; baseline 0.002 -21"><span class='ocrx_word' id='word_1_207' title='bbox 210 3257 480 3339; x_wconf 89' lang='lat' dir='ltr'><strong>plerique</strong></span> <span class='ocrx_word' id='word_1_208' title='bbox 509 3257 729 3316; x_wconf 89' lang='lat' dir='ltr'><strong>circum</strong></span> <span class='ocrx_word' id='word_1_209' title='bbox 757 3256 997 3316; x_wconf 88' lang='lat' dir='ltr'><strong>brachia</strong></span> <span class='ocrx_word' id='word_1_210' title='bbox 1025 3263 1188 3316; x_wconf 88' lang='lat' dir='ltr'><strong>torta</strong></span> <span class='ocrx_word' id='word_1_211' title='bbox 1215 3264 1379 3317; x_wconf 89' lang='lat' dir='ltr'><strong>veste</strong></span> <span class='ocrx_word' id='word_1_212' title='bbox 1401 3265 1463 3317; x_wconf 89' lang='lat' dir='ltr'><strong>et</strong></span> <span class='ocrx_word' id='word_1_213' title='bbox 1485 3259 1706 3318; x_wconf 89' lang='lat' dir='ltr'><strong>strictis</strong></span> <span class='ocrx_word' id='word_1_214' title='bbox 1728 3263 2017 3322; x_wconf 88' lang='lat' dir='ltr'><strong>mucroni-</strong></span> 
     </span>
     <span class='ocr_line' id='line_1_32' title="bbox 211 3353 2106 3433; baseline 0.001 -16"><span class='ocrx_word' id='word_1_215' title='bbox 211 3359 342 3417; x_wconf 90' lang='lat' dir='ltr'><strong>bus.</strong></span> <span class='ocrx_word' id='word_1_216' title='bbox 430 3354 556 3414; x_wconf 85' lang='lat' dir='ltr'><strong>dux</strong></span> <span class='ocrx_word' id='word_1_217' title='bbox 600 3353 993 3414; x_wconf 89' lang='lat' dir='ltr'><strong>semisomnus</strong></span> <span class='ocrx_word' id='word_1_218' title='bbox 1035 3374 1101 3413; x_wconf 91' lang='lat' dir='ltr'><strong>ac</strong></span> <span class='ocrx_word' id='word_1_219' title='bbox 1146 3374 1330 3433; x_wconf 89' lang='lat' dir='ltr'><strong>prope</strong></span> <span class='ocrx_word' id='word_1_220' title='bbox 1359 3356 1617 3416; x_wconf 90' lang='lat' dir='ltr'><strong>intectus</strong></span> <span class='ocrx_word' id='word_1_221' title='bbox 1648 3378 1846 3418; x_wconf 85' lang='lat' dir='ltr'><strong>errore</strong></span> <span class='ocrx_word' id='word_1_222' title='bbox 1887 3359 2015 3419; x_wconf 86' lang='lat' dir='ltr'><strong>hos·</strong></span> <span class='ocrx_word' id='word_1_223' title='bbox 2049 3379 2106 3431; x_wconf 83' lang='lat'><strong>15</strong></span> 
     </span>
    </p>
   </div>
  </div>
 </body>
</html>
