2261 3684
262 239 340 297 84
799 236 1195 297 CORNELII
1230 237 1338 297 ΤΑ
1348 237 1532 324 ΟΙΤΙ-

260 398 560 476 copiarum
609 398 914 476 fatigabat.
1004 397 1414 476 inpedimenta
1457 399 1759 478 legionum
1805 419 1943 458 cum
1978 398 2070 457 in-

259 495 400 555 belli
440 496 619 555 turba
645 495 1008 555 Novaesium
1037 495 1234 569 missa,
1266 503 1336 554 ut
1374 495 1515 555 inde
1544 496 1812 555 terrestri
1845 495 2070 555 itinere

289 616 292 617 ⁷
309 628 562 666 Mwm,
616 629 666 675 „s
699 592 1067 651 frumentum
1137 591 1505 652 adveherent
1522 615 1540 667 3
1609 613 1746 652 nam
1816 593 2070 653 flumine

206 709 230 760 5
269 677 423 766 {323⁴ss
453 678 656 766 affiwffif
697 689 897 750 hostes
972 690 1374 767 potiebantur.
1502 691 1765 768 primum
1847 698 2069 769 agmen

258 787 457 816 vamum.
702 806 973 847 securum
1042 787 1299 862 incessit,
1356 788 1625 848 nondum
1681 788 1827 848 satis
1889 788 2067 846 firmo

258 884 465 945 Civile.
525 886 628 964 qui
684 884 788 944 ubi
845 905 1080 944 rursum
1136 885 1346 944 missos
1387 885 1758 946 Novaesium
1804 885 2067 944 frumen-

257 990 478 1043 tatores
519 982 808 1060 datasque
848 983 912 1041 in
953 981 1317 1060 praesidium
1359 983 1631 1043 cohortes
1659 983 1828 1043 velut
1868 982 2068 1042 multa

255 1101 397 1158 pace
458 1080 693 1160 ingredi
760 1079 1003 1158 accepit,
1059 1099 1262 1139 rarum
1331 1079 1491 1158 apud
1548 1081 1718 1159 signa
1784 1080 2060 1154 militem,

170 1198 233 1237 10
256 1198 419 1238 arma
458 1179 523 1238 in
549 1176 857 1251 vehiculiS,
891 1183 1135 1237 cunctos
1177 1177 1421 1238 licentia
1462 1197 1662 1256 vagoS,
1695 1177 2061 1255 compositus

254 1275 504 1347 invadit,
549 1275 887 1353 praemissis
922 1274 1028 1353 qui
1068 1281 1283 1352 pontes
1317 1280 1378 1333 et
1411 1275 1644 1334 viarum
1678 1281 1932 1353 angusta
1973 1274 2059 1332 in-

254 1373 530 1433 siderent.
616 1380 949 1451 pugnatum
991 1372 1172 1450 longo
1201 1371 1437 1450 agmine
1467 1379 1529 1432 et
1570 1373 1797 1432 incerto
1837 1372 2057 1447 Marte,

252 1466 441 1526 donec
487 1466 782 1545 proelium
830 1486 952 1525 nox
994 1465 1317 1526 dirimeret.
1405 1466 1678 1526 cohortes
1719 1465 2061 1525 Geldubam

251 1582 586 1640 perrexere,
616 1563 1017 1636 manentibus,
1039 1569 1111 1622 ut
1132 1562 1388 1637 fuerant,
1413 1563 1638 1634 castris,
1660 1582 1811 1641 quae
1827 1562 2060 1622 relicto-

169 1682 226 1738 15
254 1678 385 1719 rum
444 1659 565 1719 illic
620 1660 882 1719 militum
937 1659 1234 1738 praesidio
1289 1660 1666 1720 tenebantur.
1752 1680 1874 1720 non
1926 1668 2059 1720 erat

252 1756 519 1829 dubium,
561 1764 853 1834 quantum
895 1756 959 1816 in
1001 1777 1270 1836 regressu
1312 1757 1670 1817 discriminis
1711 1756 2055 1817 adeundum

250 1854 405 1914 foret
473 1854 1006 1914 frumentatoribus
1062 1855 1294 1915 onustis
1362 1855 1778 1933 perculsisque.
1882 1855 2058 1915 addit.

250 1952 537 2012 exercitui
568 1972 676 2012 suo
692 1952 924 2013 Vocula
955 1952 1119 2012 mille
1158 1952 1420 2012 delectos
1449 1972 1481 2013 e
1511 1953 1724 2031 quinta
1751 1960 1813 2013 et
1840 1954 2055 2032 quinta

248 2048 495 2109 decuma
538 2049 872 2127 legionibus
915 2050 1074 2128 apud
1110 2049 1335 2110 Vetera
1376 2050 1645 2124 obsessiS,
1687 2049 2053 2111 indomitum

157 2173 223 2211 20
246 2146 500 2206 militem
557 2154 618 2205 et
667 2146 920 2206 ducibus
962 2147 1274 2206 infensum.
1362 2147 1561 2225 plures
1603 2167 1783 2226 quam
1822 2147 2053 2208 iussum

246 2250 374 2302 erat
400 2243 655 2320 profecti
684 2242 880 2320 palam
909 2244 972 2303 in
1001 2244 1239 2322 agmine
1266 2244 1617 2317 fremebant,
1649 2265 1771 2304 non
1800 2265 1861 2305 se
1889 2246 2054 2307 ultra

244 2339 479 2413 famem,
511 2340 757 2399 insidias
786 2339 1122 2419 legatorum
1152 2341 1511 2401 toleraturos
1537 2366 1549 2402 ε
1593 2349 1657 2401 at
1683 2343 1788 2420 qui
1822 2363 2051 2403 reman-

242 2443 459 2510 serant,
508 2436 774 2497 desertos
823 2458 886 2498 se
935 2438 1196 2498 abducta
1264 2446 1435 2516 parte
1480 2439 1783 2517 legionum
1843 2460 2052 2518 quere-

242 2535 474 2594 bantur.
604 2534 828 2612 duplex
897 2534 1036 2595 hinc
1107 2535 1342 2610 seditio,
1427 2535 1556 2595 aliis
1627 2538 2051 2598 revocantibus

152 2640 212 2692 25
238 2631 544 2705 Voculam,
578 2632 709 2691 aliis
737 2632 934 2692 redire
963 2632 1027 2691 in
1057 2640 1251 2692 castra
1280 2633 1698 2693 abnuentibus

132 2721 212 2786 36
318 2729 607 2789 XXXVI.
697 2729 950 2789 Interim
1036 2728 1248 2789 Civilis
1324 2729 1547 2789 Vetera
1628 2730 2047 2793 circumsedit:

239 2826 467 2887 Vocula
515 2826 851 2886 Geldubam
901 2832 1082 2904 atque
1132 2825 1272 2886 inde
1323 2825 1692 2887 Novaesium
1733 2829 2039 2889 concessit.

284 2968 479 3007 Μία
528 2966 634 3015 ,im
677 2921 886 2982 Civilis
956 2923 1116 3000 capit
1199 2922 1576 2998 Geldubam3
1662 2944 1804 2984 mox
1879 2925 2046 2986 haud

233 3019 283 3065 ⁰s
309 3018 463 3058 me-
674 3019 878 3096 procul
900 3019 1200 3080 Novaesio
1223 3021 1485 3099 equestri
1508 3021 1735 3098 proelio
1763 3042 2046 3101 prospere

186 3136 215 3187 5
235 3118 500 3177 certavit.
586 3115 692 3176 sed
733 3117 903 3176 miles
947 3117 1221 3177 secundis
1264 3117 1646 3196 adversisque
1688 3119 1936 3196 perinde
1977 3121 2045 3180 in

232 3214 484 3272 exitium
552 3213 770 3273 ducum
840 3213 1309 3289 accendebatur3
1392 3223 1454 3275 et
1538 3215 1804 3276 adventu
1872 3218 2046 3295 quin-

231 3314 509 3366 tanorum
591 3308 1384 3389 quintadecumanorumque
1479 3318 1686 3372 auctae
1774 3314 2044 3392 legiones
