2261 3684
207 254 295 341 4ο
754 260 1150 325 OORNELJJ
1191 264 1295 326 TA
1306 262 1480 325 clm

215 445 389 503 aegre
417 425 480 484 id
523 426 650 503 pati
691 426 863 486 miles
901 433 963 486 et
992 427 1303 486 victoriam
1337 426 1514 486 malle
1552 447 1726 505 quam
1769 448 1976 504 pacem
2003 450 2021 502 3

266 565 485 605 Anum-m
541 566 615 604 ad,
659 543 734 582 ne
781 543 917 582 suas
958 524 1200 613 quidem
1243 523 1505 603 legiones
1534 497 2015 602 oppe'rie'ffanssur,

217 617 615 665 ”³⁸⁶⁸”09022'022'm
655 628 724 679 ut
748 674 755 681 .
776 620 1031 699 praedae
1094 641 1275 698 quam
1343 621 1741 698 periculorum
1811 622 1930 697 soci
1961 641 2014 693 ⁴s.

134 739 191 775 ιο
220 724 456 781 vocatos
511 717 588 777 ad
643 719 980 807 contionem
1035 717 1340 777 Antonius
1395 717 1598 777 docuit
1638 737 1764 778 esse
1815 642 2021 801 {diffie

219 814 470 873 Vitellio
527 814 702 888 vires,
760 816 1083 893 ambiguas,
1143 815 1195 874 si
1250 814 1665 907 deliberarent,
1728 835 1908 898 acres,
1967 816 2021 874 si

217 911 642 990 desperassent.
732 911 907 971 initia
941 911 1236 972 bellorum
1276 911 1540 971 civilium
1573 912 1731 972 fortu
1842 933 2022 992 „perf

217 1007 548 1068 mittenda:
598 1007 907 1068 victoriam
937 1008 1198 1069 consiliis
1226 1017 1288 1069 et
1317 1010 1546 1070 ratione
1574 1030 1648 1087 pe
1753 1030 1791 1071 1.
1897 1010 2021 1069 iam

217 1106 615 1166 Misenensem
681 1105 926 1195 classem
995 1114 1058 1166 et
1124 1106 1585 1184 pulcherrimam
1655 1107 2021 1185 Campaniae

134 1223 189 1276 15
218 1174 652 1266 oramff'de'scf‘v
688 1186 791 1279 rse,
802 1185 966 1264 ³⁴1iec
1033 1204 1168 1282 plus
1237 1225 1270 1264 e
1337 1212 1476 1270 toto
1537 1212 1831 1267 terrarum
1875 1204 2021 1264 orbe

202 1304 513 1381 'reliquum
586 1302 835 1363 Vitellio
909 1304 1107 1380 quam'
1167 1301 1329 1379 quod
1401 1302 1564 1365 inter
1637 1302 2017 1361 Tarracinam

218 1402 627 1479 Narniamque
655 1400 871 1461 iaceat..
944 1399 1090 1460 satis
1118 1399 1341 1477 gloriae
1420 1399 1603 1509 roelig
1633 1399 2022 1460 Cremonensi

219 1507 457 1578 partum
514 1505 575 1558 et
630 1498 816 1557 exitio
881 1497 1211 1557 Cremonae
1267 1517 1328 1555 n1
1394 1491 1875 1557 iumanffidiae:
1943 1514 2038 1556 ne·

218 1595 698 1673 concupiscerent
739 1594 993 1654 Romam
1041 1613 1249 1673 capere
1268 1419 1492 1672 Y{tius
1536 1614 1715 1672 quam
1763 1613 2014 1669 servare.

130 1714 193 1750 20
218 1693 444 1752 maiora
495 1690 615 1750 illis
669 1691 933 1769 praemia
987 1698 1049 1750 et
1102 1690 1293 1750 multo
1347 1691 1676 1750 maximum
1722 1674 1954 1799 ᾱᾷἒὶἵὲῗ
1970 1685 2021 1751 si

217 1790 690 1872 incolumitatem
738 1787 974 1868 senatui
1014 1787 1353 1868 populoque
1396 1789 1666 1849 Romano
1715 1789 1843 1850 sine
1892 1807 2022 1850 san·

218 1889 399 1970 guine
428 1888 811 1967 quaesissent.
897 1887 991 1946 his
1018 1907 1087 1947 ac
1114 1886 1340 1946 talibus
1365 1886 1625 1966 mitigati
1653 1886 1854 1968 animi.

114 1990 191 2054 61
300 1987 459 2047 LXI.
507 1986 634 2046 Nec
675 1985 864 2045 multo
905 1992 1042 2063 post
1082 1984 1346 2064 legiones
1373 2004 1605 2044 venere.
1690 1992 1754 2045 et
1794 1993 2020 2048 terrore

220 2088 496 2164 famaque
525 2084 682 2143 aucti
711 2084 1005 2143 exercitus
1026 2082 1387 2142 Vitellianae
1409 2082 1681 2142 cohortes
1702 2084 2016 2166 nutabant,

223 2183 386 2243 nullo
427 2181 491 2241 in
532 2180 757 2240 bellum
799 2177 1173 2251 adhortante,
1215 2179 1434 2267 multip„
1462 2173 1544 2238 ad
1581 2180 2015 2270 transitiOnem‚

221 2282 324 2360 qui
366 2299 499 2339 suas
543 2277 837 2337 centurias
880 2284 1225 2353 turmasque
1267 2275 1519 2348 tradere,
1553 2276 1776 2335 donum
1805 2277 2019 2338 victori

118 2388 128 2403 ⁸
167 2403 195 2457 5
222 2388 284 2441 et
311 2377 427 2438 sibi
453 2376 516 2435 in
544 2381 846 2452 posterum
877 2373 1150 2451 gratiam,
1182 2372 1508 2432 certabant.
1594 2392 1701 2451 per
1742 2392 1841 2432 eos
1884 2394 2020 2452 cog-

220 2478 418 2537 nitum
471 2481 565 2533 est
618 2472 1023 2531 Interamnam
1078 2470 1370 2548 proximis
1425 2470 1649 2548 campis
1717 2470 2018 2547 praesidio

221 2573 794 2654 quadringentorum
836 2568 1110 2646 equitum
1153 2567 1361 2627 teneri.
1447 2565 1662 2625 missus
1712 2568 2018 2647 extemplo

270 2728 437 2769 Saccas
472 2729 514 2775 os
550 2726 616 2764 m
655 2664 852 2724 Varus
880 2683 1023 2722 cum.
1043 2662 1326 2740 expedita
1352 2653 1536 2722 manul
1561 2682 1777 2740 paucos
1811 2684 2020 2743 repug-

222 2780 428 2820 anviam
466 2782 512 2817 αι
548 2751 618 2815 in·
659 2761 933 2820 nantium
962 2759 1265 2820 interfecit
1288 2781 1305 2833 3
1337 2759 1538 2838 plures
1567 2759 1810 2819 abiectis
1838 2762 2018 2821 armis

140 2892 197 2930 10
223 2837 428 2872 mamm.
660 2858 897 2918 veniam
971 2857 1253 2935 petivere.
1381 2856 1627 2935 quidam
1694 2857 1760 2916 in
1826 2865 2022 2918 castra

219 2959 411 3038 refugi
431 2963 643 3018 cuncta
661 2954 977 3015 formidine
1000 2943 1349 3033 implebant,
1380 2953 1653 3031 augendo
1681 2955 2020 3016 rumoribus

222 3058 505 3115 virtutem
574 3053 889 3129 copiasque
956 3051 1238 3123 hostium,
1298 3071 1415 3128 quo
1483 3051 1690 3110 amissi!
1738 3033 2019 3129 praesidii

222 3151 477 3209 dedecus
517 3149 788 3206 lenirent.
894 3167 1003 3205 nec
1045 3146 1168 3205 ulla
1209 3147 1365 3224 apud
1408 3147 1764 3246 Vitellianos
1804 3148 2020 3227 flagitii

219 3264 427 3320 poena,
458 3249 519 3300 et
544 3241 820 3317 praemiis
847 3241 1213 3301 defectorum
1241 3262 1413 3322 versa
1439 3241 1600 3310 fides}
1622 3264 1694 3303 ac
1720 3243 2020 3323 reliquum

144 3365 197 3415 15
224 3337 503 3414 perfidiae
552 3342 863 3393 certamen.
995 3336 1199 3393 crebra
1255 3331 1588 3415 transfu‘gia'
1636 3331 2017 3405 tribunorum

73 3553 125 3583 ι
