2261 3684
613 246 1203 315 HISTORIA'RUM
1245 255 1399 314 LIB.
1447 254 1567 316 III.
1913 256 1985 317 47

181 415 603 476 senatoribus:
664 415 809 474 dum
870 416 1029 475 inter
1089 415 1524 493 Vespasianum
1566 436 1633 476 ac
1676 416 1989 478 Vitellium

179 511 429 586 proeliis
458 511 775 591 legionum,
807 513 1255 591 captivitatibus
1287 513 1544 585 urbium,
1627 526 1992 598 Heremomtra'm
2022 535 2078 589 ¹5

177 606 598 669 deditionibus
655 610 987 670 cohortium
1054 611 1373 684 iudicatur,
1432 611 1553 670 iam
1594 608 1697 647 ’Μὴ
1723 609 1928 649 ''mast“-

178 692 505 782 Hispaniis
547 704 1003 785 Germaniisque
1044 715 1106 767 et
1148 701 1466 768 Britannia
1513 708 1988 784 desciscentibus,
2083 772 2090 785 ,
2131 774 2135 783 ,

171 800 437 862 fratrem
481 803 835 881 Vespasiani
876 805 1163 864 mansisse
1205 806 1269 864 in
1310 805 1444 879 fide,
1490 805 1677 866 donec
1715 798 1876 867 ultro
1917 808 1993 867 ad
2027 794 2080 872 ὅ
2119 792 2122 797 ³

1753 883 1822 907 N

171 899 569 982 condiciones
613 908 940 963 vocaretur.
1026 923 1230 980 pacem
1286 910 1348 962 et
1395 903 1771 965 concordiam
1818 905 1994 965 victis

168 998 382 1072 utilia,
442 999 767 1081 victoribus
821 1006 1060 1061 tantum
1114 968 1362 1078 iiffl'cffra
1416 1020 1554 1061 esse.
1643 1002 1692 1061 si
1720 1023 1997 1077 ,conven-
2021 1026 2085 1062 20

170 1094 378 1155 tionis
433 1095 749 1174 paeniteat,
808 1115 929 1156 non
984 1116 1062 1169 se,
1122 1115 1301 1174 quem
1362 1082 1636 1175 perfidi'zi'*
1679 1096 1993 1177 deceperit,

171 1191 353 1261 ferro
400 1199 647 1271 peteret,
708 1212 830 1252 non
892 1192 1080 1252 filium
1134 1192 1487 1271 Vespasiani
1540 1194 1645 1253 vix
1711 1195 1997 1272 puberem

173 1296 570 1367 —quantum
635 1289 838 1349 occisis
876 1309 1021 1349 ‘uno
1060 1288 1224 1349 ”sene
1294 1297 1355 1348 et
1411 1310 1531 1350 uno
1587 1291 1802 1351 iuvene
1869 1313 1998 1370 pro-

176 1387 285 1445 fici
301 1389 455 1446 “l—¹:
506 1386 621 1461 iret
670 1386 929 1469 obviam.
950 1385 1286 1465 legionibus
1328 1391 1391 1446 et
1428 1387 1502 1447 de
1550 1406 1780 1449 summa
1800 1409 1998 1450 rerum

176 1484 316 1543 illic
371 1444 680 1551 fflfiffffief:
698 1476 717 1497 ²
746 1445 960 1544 ‘cedia
1027 1484 1355 1544 secundum
1424 1492 1708 1545 eventum
1789 1487 1998 1565 proelii
2024 1509 2085 1562 25

180 1600 450 1665 cessura.
536 1580 806 1659 trepidus
848 1581 925 1641 ad
966 1581 1111 1641 haec
1153 1581 1436 1642 Vitellius
1477 1586 1690 1681 pauca]
1703 1584 2000 1663 purgandi

182 1678 290 1737 sui
335 1697 513 1739 causa
532 1667 876 1755 hespo'ndit,
940 1677 1178 1759 culpam
1234 1677 1301 1736 in
1358 1678 1612 1777 mikitem
1627 1750 1646 1755 „
1675 1681 1998 1757 conferens,

185 1775 366 1852 cuius
392 1759 806 1856 nimioardori
835 1764 1115 1855 inpar-„em”
1135 1795 1261 1836 esse
1295 1750 1676 1836 ffifiesiffissff
1689 1762 1897 1855 'suam3
1939 1787 2001 1839 et

186 1872 438 1932 monuit
479 1873 837 1945 Martialem,
882 1881 954 1933 ut
995 1894 1100 1952 per
1145 1880 1431 1938 secretam
1476 1874 1711 1942 aedium
1769 1885 2000 1956 partem

192 1970 429 2030 occulte
458 1969 666 2043 abiret,
697 1991 834 2030 nea
853 1971 1149 2048 militibus
1170 1953 1240 2029 iri
1325 1944 1578 2031 ΜΛ’ἷῖιῖῙὲ
1598 1972 1825 2034 invisae
1841 1977 2000 2053 pacis
2029 2003 2092 2052 30

194 2056 680 2136 interficeretur:
749 2067 891 2156 ipse„
931 2087 1124 2148 neque
1180 2067 1429 2127 iubendi
1496 2088 1688 2147 neque
1757 2072 2001 2133 vetandi

196 2137 564 2320 Ροὺθηῄηοη
594 2165 721 2244 iam
739 2165 1081 2246 imperator,
1103 2164 1211 2252 sed
1231 2172 1471 2256 tantum
1493 2166 1634 2226 belli
1658 2187 1832 2228 causa
1853 2178 2001 2232 erat.

232 2263 255 2310 ἲ
277 2262 393 2321 LX
457 2261 504 2322 Ι.
566 2262 837 2321 Vixdum
892 2259 1159 2341 regresso
1200 2262 1265 2321 in
1315 2263 1679 2341 Capitolium
1723 2266 2002 2327 Martiale
2027 2270 2105 2334 71

195 2360 405 2419 furens
469 2359 639 2419 miles
704 2359 925 2432 aderat,
995 2359 1162 2419 nullo
1224 2359 1388 2433 duce,
1447 2361 1562 2421 sibi
1661 2423 1742 2462 ras
1776 2425 1807 2463 C
1871 2425 1899 2464 ,ε
1927 2424 1981 2463 l,

199 2457 457 2535 quisque
499 2463 718 2516 auctor.
806 2458 924 2516 cito
967 2456 1204 2536 agmine
1244 2457 1439 2517 forum
1505 2465 1566 2518 et
1607 2435 1881 2514 annonam
1901 2435 2003 2513 ἷωῖἇ

197 2553 562 2613 inminentia
642 2554 774 2615 foro
857 2554 1083 2632 templa
1170 2549 1579 2632 praetervecti}
1607 2524 1749 2563 ‘mm'

199 2651 448 2728 erigunt
515 2650 700 2709 aciem
782 2670 888 2730 per
968 2650 1288 2711 adversum
1363 2652 1573 2712 collem
1655 2670 1845 2729 usque
1926 2650 2003 2710 ad
2032 2668 2160 2740 53„

199 2747 426 2827 primas
486 2746 859 2824 Capitolinae
929 2748 1078 2807 arcis
1148 2748 1318 2807 fores
1432 2755 1602 2808 erant
1668 2747 2004 2825 antiquitus
2023 2739 2086 2784 (Υ

197 2844 472 2923 porticus
499 2844 562 2903 in
590 2844 776 2906 latere
799 2844 938 2904 clivi
959 2844 1207 2906 dextrae
1231 2846 1641 2918 subeuntibuS,
1666 2845 1730 2904 in
1752 2864 2004 2922 quarum
2075 2899 2094 2912 ,,

199 2948 432 3002 tectum
461 2941 682 3018 egressi
711 2943 870 3000 saxis
898 2942 1236 3020 tegulisque
1264 2942 1619 3002 Vitellianos
1653 2942 1999 3002 obruebant.

200 3057 398 3115 neque
441 3037 561 3096 illis
603 3057 815 3097 manus
858 3038 976 3097 nisi
1016 3037 1232 3118 gladiis
1274 3047 1552 3112 armatae,
1598 3046 1662 3099 et
1698 3058 2004 3099 arcessere

200 3141 505 3196 tormenta
534 3142 638 3194 aut
665 3134 911 3194 missilia
938 3135 1060 3195 tela
1086 3136 1332 3214 longum
1353 3137 1703 3196 videbatur:
1743 3136 1901 3197 faces
1940 3138 2004 3197 in
2037 3159 2095 3195 10

200 3232 642 3311 prominentem
691 3232 986 3310 porticum
1027 3233 1216 3293 iecere
1259 3242 1319 3292 et
1362 3233 1764 3311 sequebantur
1804 3234 2005 3313 ignem

204 3329 630 3407 ambustasque
660 3329 943 3407 Capitolii
983 3330 1140 3390 fores
1182 3336 1610 3407 penetrassent,
1646 3329 1713 3388 ni
1749 3329 2006 3389 Sabinus

116 3451 193 3505 ἶ
240 3429 475 3480 *ew-m
510 3464 537 3478 r
568 3459 624 3498 „

2137 3497 2219 3605 A
