2261 3684
204 278 241 340 e
744 274 1142 338 CORNELII
1180 277 1284 338 TA
1295 275 1466 337 GJTJ
1691 330 1700 343 ,
1739 176 1959 445 ἔμβα)

114 453 177 489 20
202 449 358 500 artes
378 446 440 500 et
460 440 795 500 auctoritas
858 439 965 499 ubi
986 438 1327 498 crudescere
1346 437 1561 499 seditio
1582 445 1646 499 et
1667 459 1701 499 a
1722 439 2005 499 convlciis

202 557 269 596 ac
286 513 647 615 {Fb'kffib‘ad
689 535 811 595 tela
851 543 914 595 et
955 555 1166 595 manus
1196 535 1550 623 transibant,
1581 535 1723 594 inici
1765 543 2004 594 catenas

199 634 489 694 Flaviano
511 634 696 693 iubet.
783 632 971 692 sensit
1011 596 1572 703 lufflrfflffiiles,
1620 632 2004 711 disiectisque

118 776 124 782 -
199 732 303 810 qui
391 730 655 791 tribunal
733 731 1058 790 tuebantur
1093 713 1408 886 {extrema
1489 730 1579 789 vis
1661 730 1999 808 parabatur.

199 828 477 907 opposuit
505 828 702 887 sinum
730 816 1092 919 Antoniusls
1123 827 1276 887 ricto
1307 828 1483 899 ferro,
1516 835 1620 886 aut
1648 827 1909 913 militum
1938 846 2001 887 se

109 943 170 995 25
200 927 476 986 manibus
518 933 625 985 aut
666 925 789 984 suis
830 925 1192 984 moriturum
1234 924 1560 998 obtestans,
1607 930 1675 984 ut
1703 944 2000 1002 quemque

197 1031 409 1083 notum
438 1030 500 1082 et
528 1022 727 1100 aliquo
757 1021 1003 1107 militari
1032 1019 1244 1092 decore
1285 1022 1583 1101 insignem
1624 1021 1997 1100 adspexerat,

196 1122 271 1182 ad
303 1119 610 1181 ferendam
653 1139 827 1197 opem
869 1120 1111 1179 nomine
1141 1120 1314 1179 ciens.
1403 1102 1544 1180 mox
1573 1139 1892 1179 conversus
1921 1118 1998 1179 ad

196 1220 367 1299 signa
414 1225 475 1278 et
527 1217 822 1277 bellorum
867 1216 1027 1290 deos,
1074 1216 1339 1277 hostium
1386 1217 1589 1295 potius
1637 1216 1998 1277 exercitibus

194 1368 498 1418 expulsion
540 1367 601 1416 os
632 1314 804 1373 illum
830 1310 1108 1387 furorem,
1142 1313 1686 1411 illamsdiscordiam
1706 1314 1999 1374 inicerent

105 1430 170 1481 30
200 1420 401 1510 Tasspm
453 1418 595 1457 Flavi·
636 1412 865 1486 orabat,
923 1411 1111 1471 donec
1167 1382 1470 1475 fatisceret
1525 1411 1740 1471 seditio
1770 1402 1860 1479 let
1899 1432 1999 1472 ex·

192 1483 401 1611 aa&
486 1498 589 1585 ,N
631 1510 835 1570 trem6
865 1509 984 1568 iam
1034 1507 1156 1568 diff
1182 1529 1289 1568 sua
1330 1508 1581 1589 quisque
1629 1506 1693 1568 in
1734 1509 1996 1570 tentoria

193 1606 615 1668 dilaberentur.
702 1606 999 1683 profectus
1014 1598 1238 1683 'eadem
1258 1600 1781 1665 nocte‘Flavianus
1789 1596 1995 1712 *vaijs

70 1774 79 1789 .
191 1702 545 1781 Vespasiani
571 1703 791 1764 litteris
803 1740 807 1769 ,
819 1690 1146 1771 discrimini
1176 1694 1347 1763 exem
1391 1709 1489 1761 tus
1518 1709 1623 1762 est.
1917 1688 1922 1691 .

60 1807 163 1869 '11
273 1786 380 1861 ΧΓ.
426 1800 718 1879 Legiones
746 1800 912 1861 velut
940 1799 1087 1860 tabe
1107 1796 1328 1860 infecta
1392 1799 1697 1878 Aponium
1726 1799 1995 1861 Saturni-

190 1920 336 1959 num
367 1898 616 1958 Moesici
661 1899 957 1958 exercitus
1003 1897 1268 1976 legatum
1315 1901 1396 1956 eo
1430 1898 1688 1962 atrocius
1724 1897 1994 1976 adgredi·

191 2004 390 2069 untur,
422 1995 584 2073 quod
602 2067 605 2072 ι
626 2015 764 2069 non,
796 2002 868 2054 ut
909 1995 1091 2082 prius,
1124 1994 1327 2056 labore
1357 2000 1420 2053 et
1447 2014 1627 2072 opera
1654 1994 1859 2067 fessae,
1885 1995 1991 2055 sed

188 2092 385 2152 medio
414 2090 534 2151 diei
578 2093 941 2165 exarserant,
975 2085 1238 2169 vulgatis
1281 2089 1569 2167 epistulis,
1601 2111 1747 2168 quas
1790 2091 1991 2151 Satur-

133 2205 161 2257 5
188 2191 368 2249 ninus
424 2187 500 2248 ad
558 2188 871 2247 Vitellium
920 2188 1224 2265 scripsisse
1280 2186 1646 2272 credebatur.
1734 2195 1805 2247 ut
1845 2189 1990 2248 olim
2069 2211 2140 2264 ,5⁸0

188 2286 432 2347 virtutis
461 2285 923 2362 modestiaeque,
957 2292 1102 2344 tunc
1133 2285 1516 2362 procacitatis
1534 2292 1595 2345 et
1616 2285 1988 2362 petulantiae

136 2401 143 2404 ·
188 2375 497 2446 certamen
529 2390 673 2457 erat,
719 2403 795 2442 ne
840 2382 1039 2441 minus
1096 2381 1392 2442 violenter
1446 2383 1751 2460 Aponium
1806 2403 1987 2461 quam

185 2480 541 2542 Flavianum
623 2478 699 2538 ad
795 2478 1153 2556 supplicium
1235 2478 1638 2558 deposcerent.
1763 2480 1988 2560 quippe

185 2579 481 2652 Moesicae
498 2576 761 2655 legiones
778 2576 1048 2636 adiutam
1071 2597 1106 2636 a
1123 2596 1186 2636 se
1206 2563 1985 2640 Pannonicorumultionem

100 2691 160 2727 10
183 2677 521 2746 referenteS,
554 2660 614 2732 et
644 2672 990 2752 Pannonici,
1015 2659 1185 2732 velut
1228 2672 1683 2733 absolverentur
1731 2674 1985 2736 aliorum

183 2773 492 2843 seditione,
526 2765 758 2829 'iterare
806 2769 1042 2847 culpam
1087 2769 1446 2847 gaudebant.
1534 2771 1599 2829 in
1646 2770 1869 2844 hortos,
1919 2774 1984 2832 in

181 2872 399 2951 quibus
440 2867 864 2946 devertebatur
912 2866 1290 2939 SaturninuS,
1342 2873 1614 2945 pergunt.
1704 2887 1810 2927 nec
1856 2875 1983 2930 tam

181 2970 419 3029 Primus
468 2975 529 3025 et
573 2964 928 3042 Aponianus
972 2970 1034 3022 et
1075 2962 1373 3034 Messalla,
1406 2983 1770 3042 quamquam
1819 2967 1985 3026 omni

179 3064 358 3126 modo
387 3063 519 3136 nisi,
544 3053 813 3138 eripue‘fe
843 3060 1251 3133 Saturninum,
1278 3080 1457 3137 quam
1486 3061 1813 3121 obscuritas
1840 3062 1985 3124 late-

96 3190 153 3242 15
178 3174 266 3212 and
292 3170 576 3211 Saturnium-
620 3158 877 3231 brarum,
923 3157 1141 3235 quibus
1197 3157 1591 3230 occulebatur,
1639 3159 1983 3220 vacantium

177 3255 331 3312 forte
388 3253 734 3312 balnearum
788 3245 1127 3323 ffi'r‘nac‘ibus
1185 3253 1440 3313 abditus.
1555 3275 1699 3314 mox
1748 3256 1981 3317 omissis

176 3349 481 3408 lictoribus
524 3348 842 3407 Patavium
876 3350 1179 3408 concessit.
1266 3349 1536 3428 digressu
1580 3352 1979 3414 consularium

1975 2243 2084 2317 Μ,
