2261 3684
638 248 1230 310 HISTORIARUM
1267 250 1423 309 LIB.
1469 250 1573 310 IV.
1933 253 2009 311 67

207 409 381 470 bellis
452 410 716 482 exerciti,
775 430 917 469 mox
971 417 1147 470 aucta
1210 430 1319 488 per
1376 411 1750 471 Britanniam
1806 411 2010 491 gloria,

206 507 575 566 transmissis
643 506 786 566 illuc
855 507 1213 581 cohortibu8‚
1275 527 1423 585 quas
1478 515 1678 568 vetere
1733 510 2012 569 instituto
2045 523 2103 577 ¹5

205 604 565 664 nobilissimi
593 604 968 683 popularium
998 605 1300 683 regebant.
1388 612 1517 664 erat
1543 613 1606 665 et
1637 605 1800 665 domi
1829 605 2015 666 delec-

206 709 311 760 tus
359 720 558 778 eques,
610 702 928 780 praecipuo
984 702 1170 761 nandi
1225 701 1442 775 studi0,
1494 722 1657 761 arma
1711 723 2012 782 equosque

206 798 477 858 retinens
505 798 755 876 integris
783 799 997 857 turmis
1026 798 1308 859 Rhenum
1334 819 1734 878 perrumpere.

289 893 467 953 XIII.
512 893 702 954 Iulius
750 894 973 954 Paulus
1023 901 1086 954 et
1133 894 1324 955 Iulius
1368 894 1577 956 Civilis
1620 896 1783 975 regia
1829 897 2013 975 stirpe
2041 897 2120 960 13

205 991 405 1050 multo
461 998 685 1051 ceteros
741 991 1068 1051 anteibant.
1157 991 1411 1051 Paulum
1465 992 1750 1053 Fonteius
1799 993 2014 1072 Capito

207 1087 362 1148 falso
417 1087 759 1148 rebellionis
815 1088 1060 1147 crimine
1117 1088 1454 1163 interfecit3
1526 1089 1779 1150 iniectae
1835 1090 2015 1151 Civili

209 1192 473 1257 catenae,
530 1185 863 1262 missusque
919 1184 995 1245 ad
1065 1187 1370 1246 Neronem
1425 1192 1487 1245 et
1542 1207 1577 1246 a
1619 1205 1778 1245 avuta.

208 1282 407 1342 Galba
447 1282 757 1342 absolutus
800 1283 910 1342 sub
944 1282 1196 1343 Vitellio
1239 1303 1443 1342 rursus
1485 1283 1802 1343 discrimen
1843 1281 2012 1356 adiit,
2043 1307 2070 1361 5

207 1379 520 1457 flagitante
542 1379 899 1457 supplicium
921 1379 1048 1439 eius
1070 1381 1337 1440 exercitu
1363 1405 1375 1441 ε
1403 1380 1544 1440 inde
1566 1399 1774 1439 causae
1790 1379 2014 1439 irarum

208 1495 464 1553 spesque
493 1496 569 1536 ex
597 1475 769 1535 malis
798 1476 1032 1546 nostris.
1120 1477 1226 1537 sed
1255 1477 1464 1537 Civilis
1493 1476 1651 1536 ultra
1678 1496 1856 1554 quam
1886 1477 2015 1535 bar-

208 1573 374 1633 baris
429 1573 673 1632 solitum
728 1573 971 1651 ingenio
1020 1573 1228 1634 sollers
1283 1581 1346 1634 et
1407 1573 1736 1634 Sertorium
1793 1593 1854 1633 se
1910 1581 2015 1632 aut

208 1669 577 1729 Annibalem
617 1669 812 1729 ferens
854 1670 1037 1729 simili
1077 1671 1197 1730 oris
1239 1669 1787 1741 dehonestamento,
1829 1689 1904 1729 ne
1946 1676 2016 1729 ut

208 1765 373 1825 hosti
427 1766 667 1826 obviam
721 1766 912 1826 iretur
978 1767 1030 1826 si
1099 1787 1136 1826 a
1201 1766 1422 1846 populo
1484 1767 1755 1826 Romano
1819 1766 2013 1846 palam
2047 1790 2106 1826 10

211 1864 576 1937 descivisset,
602 1864 955 1941 Vespasiani
983 1864 1312 1924 amicitiam
1339 1864 1724 1942 studiumque
1752 1865 2015 1943 partium

211 1959 572 2038 praetendit,
604 1960 800 2019 missis
829 1980 968 2019 sane
997 1960 1075 2019 ad
1104 1979 1243 2020 eum
1271 1959 1459 2019 Primi
1487 1961 1742 2020 Antonii
1776 1960 2013 2033 litteris,

212 2058 431 2135 quibus
472 2064 741 2117 avertere
783 2057 971 2116 accita
996 2076 1034 2116 a
1061 2056 1310 2117 Vitellio
1351 2057 1577 2118 auxilia
1617 2065 1678 2118 et
1719 2056 2015 2116 tumultus

213 2153 558 2215 Germanici
575 2154 768 2232 specie
789 2160 1089 2214 retentare
1107 2153 1368 2232 legiones
1396 2154 1728 2215 iubebatur.
1807 2154 2015 2215 eadem

213 2249 601 2310 Hordeonius
638 2248 885 2308 Flaccus
928 2268 1206 2327 praesens
1246 2255 1579 2322 monuerat,
1623 2249 1909 2309 inclinato
1951 2250 2015 2307 in
2048 2268 2105 2321 15

212 2348 654 2426 Vespasianum
682 2346 881 2406 animo
910 2353 973 2405 et
998 2346 1087 2406 rei
1116 2346 1388 2423 publicae
1417 2366 1573 2420 cura,
1599 2346 1694 2406 cui
1718 2347 2015 2407 excidium

212 2444 598 2516 adventabat,
629 2443 680 2503 si
700 2442 1176 2521 redintegratum
1202 2441 1427 2501 bellum
1449 2449 1511 2502 et
1531 2448 1626 2502 tot
1652 2449 2015 2502 armatorum

212 2542 380 2601 milia
408 2539 647 2600 Italiam
675 2538 1055 2617 inrupissent.

294 2638 471 2697 XIV.
517 2635 713 2715 Igitur
766 2635 977 2697 Civilis
1033 2635 1400 2695 desciscendi
1454 2642 1668 2708 certus,
1721 2635 2016 2696 occultato
2044 2643 2123 2705 14

212 2735 460 2795 interim
488 2734 699 2793 altiore
728 2732 993 2805 consilio,
1025 2740 1224 2792 cetera
1252 2752 1329 2792 ex
1357 2739 1581 2792 eventu
1622 2733 2012 2805 iudicaturus,

214 2852 439 2892 novare
466 2851 561 2891 res
587 2830 701 2890 hoc
726 2829 906 2890 modo
936 2829 1147 2907 coepit.
1194 2829 1360 2889 iussu
1389 2828 1623 2889 Vitellii
1651 2829 2018 2890 Batavorum

212 2930 501 2989 iuventus
533 2926 610 2986 ad
640 2926 926 2986 dilectum
954 2925 1297 2999 vocabatur,
1330 2945 1507 3003 quem
1550 2932 1761 3004 suapte
1801 2933 2019 2986 natura

212 3045 458 3105 gravem
486 3024 815 3084 onerabant
855 3022 1118 3081 ministri
1147 3022 1399 3082 avaritia
1428 3043 1494 3082 ac
1521 3022 1686 3095 luxu,
1716 3042 1885 3082 senes
1914 3030 2019 3082 aut
2048 3050 2075 3104 5

213 3121 514 3182 invalidos
556 3118 978 3198 conquirend0,
1009 3138 1160 3196 quos
1200 3118 1395 3196 pretio
1430 3118 1810 3178 dimitterent
1841 3143 1853 3181 :
1896 3140 2019 3180 rur·

215 3239 315 3279 sus
344 3219 602 3296 inpubes
631 3224 693 3275 et
732 3217 926 3276 forma
968 3215 1272 3292 conspicui
1315 3214 1404 3294 (et
1431 3223 1524 3275 est
1564 3214 1861 3293 plerisque
1889 3238 2021 3296 pro·

215 3335 350 3376 cera
376 3314 660 3393 pueritia)
690 3312 766 3373 ad
795 3321 1070 3391 stuprum
1096 3311 1505 3371 trahebantur.
1592 3311 1732 3370 hinc
1772 3313 2018 3385 invidia,
