2261 3684
685 234 1279 295 HISTORIARUM
1315 234 1470 294 LIB.
1516 235 1622 294 IV.
1947 238 2061 295 103

254 404 589 456 castrorum
639 396 956 475 praefecto,
1016 397 1118 474 qui
1183 395 1703 457 detractaverant:
1766 396 2062 457 Classicus

253 493 774 570 corruptissimum
822 512 1116 572 quemque
1161 513 1193 553 e
1239 492 1459 553 deditis
1495 512 1623 570 per·
1730 555 1786 593 Η,
1936 554 1997 593 ω,

252 608 394 666 gere
444 589 520 649 ad
569 590 837 651 obsessos
890 590 1075 662 iubet,
1134 590 1374 650 veniam
1428 598 1623 649 osten·
1664 604 1756 644 take
1772 565 1936 644 ’Ῐινυεέἶ
1964 564 2063 643 ιῖἷῖιῖ
2103 612 2167 649 20

251 692 475 760 tantos,
507 687 556 746 si
598 688 933 765 praesentia
967 694 1394 765 sequerentur:
1450 686 1625 746 aliter
1664 654 1730 694 ω
1748 655 1891 695 (Μαι

251 783 410 842 nihil
466 784 609 863 spei,
667 785 885 845 famem
934 784 1279 863 ferrumque
1336 791 1397 844 et
1445 791 1713 844 extrema
1767 801 2053 860 passuros.

252 880 525 941 adiecere
555 881 659 960 qui
687 882 851 941 missi
881 889 1054 942 erant
1083 881 1426 959 exemplum
1455 900 1645 941 suum.

334 978 465 1038 LX.
514 979 802 1039 Obsessos
843 979 984 1039 hinc
1027 978 1191 1053 fides,
1236 978 1379 1038 inde
1408 986 1638 1057 egestas
1679 977 1840 1037 inter
1879 975 2059 1036 decus
2083 986 2164 1050 60

253 1095 321 1135 ac
365 1075 663 1155 flagitium
691 1076 1125 1136 distrahebant.
1212 1075 1632 1135 cunctantibus
1660 1074 1835 1134 solita
1862 1072 2060 1132 insoli-

252 1178 435 1250 taque
466 1171 751 1232 alimenta
779 1173 1045 1244 deerant,
1088 1172 1423 1249 absumptis
1450 1171 1734 1231 iumentis
1774 1170 2057 1248 equisque

252 1277 316 1329 et
346 1270 560 1329 ceteris
591 1269 964 1341 animalibus,
997 1289 1150 1347 quae
1193 1269 1442 1348 profana
1467 1268 1758 1346 foedaque
1789 1267 1852 1325 in
1881 1286 2053 1326 usum

250 1366 578 1425 necessitas
628 1367 824 1426 vertit.
935 1366 1200 1445 virgulta
1254 1374 1555 1444 postremo
1610 1374 1672 1424 et
1726 1363 1940 1441 stirpes
1995 1370 2058 1422 et
2131 1383 2159 1436 5

248 1462 586 1523 internatas
634 1464 794 1523 saxis
836 1463 1052 1524 herbas
1080 1462 1371 1523 vellentes
1412 1461 1785 1521 miseriarum
1830 1460 2053 1538 patien-

247 1560 490 1638 tiaeque
599 1561 1023 1621 documentum
1130 1560 1313 1634 fuere,
1425 1554 1626 1619 donec*
1705 1592 1939 1632 sumum
1963 1591 2055 1630 and

247 1658 547 1736 egregiam
584 1657 824 1718 laudem
860 1658 977 1717 fine
1017 1658 1180 1735 turpi
1226 1656 1609 1729 macularent,
1653 1642 1975 1741 ἤι”ξζῖξέξῗ
2006 1641 2060 1731 ἓξ

245 1754 445 1813 missis
554 1755 631 1815 ad
741 1754 993 1815 Civilem
1102 1754 1314 1834 legatis
1422 1754 1611 1813 vitam
1661 1744 1814 1784 mm·

247 1858 505 1912 orantes,
591 1872 784 1930 neque
813 1859 954 1912 ante
982 1872 1185 1931 preces
1214 1851 1521 1921 admissae,
1554 1871 1734 1929 quam
1775 1851 1839 1911 in
1866 1851 2050 1911 verba
2097 1872 2156 1908 10

246 1948 583 2009 Galliarum
621 1950 928 2010 iurarent:
970 1958 1100 2009 tum
1146 1957 1354 2029 pactus
1397 1947 1679 2028 praedam
1723 1957 2050 2008 castrorum

246 2047 356 2106 dat
405 2048 699 2120 custodeS,
748 2048 851 2125 qui
899 2048 1217 2125 pecuniam
1267 2046 1503 2107 calones
1552 2046 1812 2106 sarcinas
1858 2055 2050 2107 reten-

244 2152 448 2204 tarent
478 2152 659 2223 atque
690 2145 850 2223 ipsos
878 2143 1040 2205 leves
1069 2145 1355 2205 abeuntes
1383 2151 1897 2222 prosequerentur.
1970 2144 2048 2204 ad

244 2242 529 2319 quintum
556 2242 680 2302 fere
701 2241 963 2320 lapidem
985 2241 1175 2301 coorti
1204 2241 1490 2301 Germani
1512 2241 1814 2301 incautum
1834 2261 2046 2319 agmen

243 2339 695 2417 adgrediuntur.
782 2338 1256 2416 pugnacissimus
1319 2338 1568 2417 quisque
1637 2338 1701 2397 in
1767 2339 2041 2417 vestigio,
2094 2360 2111 2395 ι
2121 2358 2149 2410 5

241 2436 422 2496 multi
451 2436 720 2514 palantes
749 2436 1109 2496 occubuere:
1155 2436 1338 2495 ceteri
1381 2443 1543 2495 retro
1585 2436 1650 2494 in
1685 2442 1877 2495 castra
1919 2456 2046 2514 per·

241 2534 505 2612 fugiunt,
538 2540 825 2611 querente
854 2553 994 2593 sane
1017 2532 1211 2593 Civile
1240 2539 1302 2592 et
1328 2533 1674 2610 increpante
1696 2533 2041 2607 German08‚

241 2637 551 2709 tamquam
580 2630 759 2690 fidem
786 2650 895 2708 per
922 2630 1111 2690 scelus
1140 2630 1583 2707 abrumperent.
1665 2629 1942 2690 simulata
1974 2651 2043 2690 ea

239 2728 469 2788 fuerint
496 2748 574 2788 an
622 2727 881 2788 retinere
930 2728 1265 2788 saevientes
1307 2726 1664 2805 nequiverit,
1704 2748 1917 2805 parum
1945 2728 2045 2788 ad·

240 2827 529 2884 firmatur.
616 2824 868 2903 direptis
897 2825 1106 2885 castris
1147 2824 1304 2883 faces
1345 2823 1617 2897 iniciunt,
1662 2831 2038 2902 cunctosque,
2084 2850 2148 2887 20

241 2923 347 3004 qui
376 2922 601 3000 proelio
633 2923 1067 3001 superfuerant,
1100 2922 1443 2982 incendium
1471 2922 1684 2997 hausit.

321 3020 483 3079 LXI.
532 3019 742 3080 Civilis
796 3020 1049 3080 barbaro
1105 3027 1250 3080 voto
1306 3026 1444 3097 post
1499 3027 1709 3098 coepta
1757 3019 2040 3080 adversus
2066 3040 2144 3105 61

240 3118 543 3178 Romanos
627 3138 794 3177 arma
880 3138 1214 3197 propexum
1297 3117 1728 3196 rutilatumque
1817 3118 2038 3178 crinem

239 3222 476 3294 patrata
505 3216 747 3275 demum
777 3216 952 3275 caede
981 3215 1284 3294 legionum
1313 3214 1591 3293 deposuit
1615 3237 1632 3289 3
1659 3221 1721 3274 et
1738 3215 2039 3276 ferebatur

238 3314 488 3392 parvulo
532 3313 655 3374 filio
694 3311 982 3391 quosdam
1020 3312 1395 3390 captivorum
1433 3311 1670 3391 sagittis
1712 3312 2035 3390 iaculisque
