2261 3684
242 261 274 321 7
283 262 317 321 6
782 258 1179 321 CORNELII
1217 261 1320 321 TA
1330 258 1500 320 CITI

135 428 219 492 24
325 421 557 481 XXIV.
602 420 848 480 Flaccus
875 422 1120 481 interim
1162 423 1399 500 cognito
1440 428 1769 509 castrorum
1811 420 2053 481 obsidio

286 580 424 619 Hm
567 580 641 619 ad
682 525 745 578 et
799 518 995 577 missis
1049 538 1159 596 per
1213 518 1440 579 Gallias
1489 518 1592 597 qui
1635 518 1862 578 auxilia
1916 538 2052 578 con-

244 640 402 719 giam
423 590 644 679 Μᾶἷὲεωὶ
684 615 890 689 cirent,
922 615 1105 676 lectos
1148 635 1177 675 e
1202 615 1536 694 legionibus
1569 616 1755 676 Dillio
1782 614 2053 676 Voculae

685 711 1231 773 duoetvicensimae
1284 713 1537 792 legionis
1591 711 1790 792 legato
1838 712 2048 785 tradit,

192 839 220 894 5
246 813 317 866 ut
371 827 549 885 quam
605 810 881 869 maximis
936 830 1043 888 per
1111 811 1305 889 ripam
1368 810 1689 871 itineribus
1744 811 2051 884 celeraret,

247 904 373 982 ipse
441 905 708 980 navibus,
768 906 1067 967 invalidus
1137 926 1395 985 corpore,
1452 907 1682 967 invisus
1737 906 2048 967 militibus.

247 1021 443 1080 neque
499 1002 659 1061 enim
727 1004 1004 1082 ambigue
1074 1005 1450 1064 fremebant:
1521 1004 1765 1065 emissas
1834 1024 1872 1064 a
1924 1004 2056 1064 Mo·

248 1098 524 1177 gontiaco
581 1100 974 1160 Batavorum
1018 1100 1308 1172 cohortes,
1370 1100 1774 1161 dissimulatos
1843 1099 2057 1161 Civilis

251 1204 516 1270 conatuS,
546 1197 805 1257 adsciri
787 1218 851 1256 m
880 1197 1226 1258 societatem
1267 1197 1614 1259 Germanos
1700 1218 1822 1258 non
1864 1197 2056 1256 Primi

168 1325 227 1362 10
252 1294 504 1354 Antonii
573 1314 767 1372 neque
827 1295 1093 1354 Muciani
1177 1315 1290 1373 ope
1358 1294 1794 1372 Vespasianum
1865 1293 2057 1373 magis

253 1392 597 1453 adolevisse.
710 1400 917 1470 aperta
972 1391 1109 1452 odia
1181 1412 1461 1470 armaque
1529 1393 1726 1470 palam
1795 1390 2056 1470 depelli:

252 1489 521 1549 fraudem
548 1496 611 1548 et
637 1489 840 1549 dolum
863 1490 1113 1550 obscura
1129 1509 1317 1568 eoque
1336 1489 1729 1549 inevitabilia.
1800 1488 2058 1549 Civilem

255 1595 413 1648 stare
454 1594 678 1660 contra,
709 1595 938 1648 struere
979 1588 1207 1649 aciem:
1250 1587 1667 1648 Hordeonium
1709 1607 1741 1648 e
1783 1588 2060 1648 cubiculo

255 1694 319 1746 et
338 1684 556 1745 lectulo
576 1685 781 1745 iubere
804 1685 1097 1763 quidquid
1121 1685 1281 1745 hosti
1299 1685 1607 1745 conducat.
1682 1690 1777 1745 tot
1798 1692 2060 1744 armatas

174 1813 192 1849 ι
202 1810 230 1864 5
255 1783 716 1844 fortissimorum
744 1782 1009 1842 virorum
1037 1803 1248 1844 manus
1291 1783 1469 1842 unius
1511 1783 1668 1842 senis
1708 1782 2061 1842 valetudine

256 1881 420 1960 regi:
463 1880 610 1958 quin
637 1881 837 1958 potius
865 1880 1181 1941 interfecto
1210 1880 1516 1958 proditore
1543 1881 1848 1939 fortunam
1875 1880 2062 1939 virtu-

255 1985 498 2056 temque
534 1997 705 2037 suam
744 1977 901 2037 malo
944 1978 1144 2037 omine
1179 1978 1576 2037 exsolverent.
1658 1977 1754 2037 his
1796 1978 1958 2037 inter
1999 1997 2062 2037 se

259 2076 505 2136 vocibus
534 2075 851 2135 instinctos
880 2075 1260 2135 flammavere
1288 2075 1535 2152 insuper
1563 2073 1797 2134 adlatae
1839 2096 1876 2134 a
1917 2074 2064 2135 Ves-

260 2174 503 2252 pasiano
521 2171 773 2243 litterae,
798 2191 946 2249 quas
967 2171 1230 2240 FlaccuS‚
1249 2172 1390 2249 quia
1406 2171 1693 2231 occultari
1709 2191 1861 2249 nequ
1869 2171 2060 2246 ibant,

173 2301 238 2337 20
260 2290 368 2348 pro
424 2269 699 2330 contione
740 2268 1032 2343 recitavit,
1076 2269 1428 2346 vinctosque
1470 2268 1573 2346 qui
1614 2268 1947 2329 attulerant
1987 2269 2065 2329 ad

261 2366 576 2427 Vitellium
601 2364 783 2425 misit.

155 2477 236 2539 25
345 2462 539 2523 XXV.
585 2462 684 2522 sic
704 2462 997 2541 mitigatis
1013 2462 1230 2522 animis
1249 2461 1540 2537 Bonnam,
1565 2462 1817 2523 hiberna
1837 2464 2068 2541 primae

262 2560 529 2640 legionis,
561 2567 824 2621 ventum.
910 2560 1200 2619 infensior
1240 2559 1362 2619 illic
1403 2559 1574 2619 miles
1616 2560 1854 2638 culpam
1880 2560 2069 2621 cladis

263 2661 328 2720 in
351 2657 766 2719 Hordeonium
788 2657 1061 2717 vertebat
1088 2680 1100 2717 :
1132 2656 1256 2716 eius
1277 2656 1444 2717 iussu
1461 2657 1761 2717 derectam
1782 2658 2070 2718 adversus

266 2758 525 2817 Batavos
553 2755 758 2827 aciem,
789 2761 1099 2831 tamquam
1128 2774 1164 2813 a
1179 2754 1563 2832 Mogontiaco
1580 2754 1844 2834 legiones
1866 2775 2072 2833 seque-

212 2876 239 2931 5
265 2862 513 2927 rentur3
582 2851 847 2912 eiusdem
917 2851 1258 2929 proditione
1327 2872 1543 2924 caesoS‚
1615 2851 1796 2911 nullis
1870 2873 2072 2931 super-

266 2951 646 3013 venientibus
688 2949 961 3009 auxiliis:
1019 2949 1229 3027 ignota
1268 2947 1413 3008 haec
1456 2949 1667 3008 ceteris
1709 2949 2072 3010 exercitibus

268 3069 460 3127 neque
487 3046 833 3126 imperatori
875 3065 982 3105 suo
1025 3044 1311 3116 nuntiari,
1343 3065 1479 3104 cum
1513 3044 1765 3104 adcursu
1807 3051 1902 3105 tot
1942 3065 2073 3123 pro-

269 3146 598 3206 vinciarum
628 3143 900 3221 extingui
929 3162 1142 3221 repens
1163 3141 1413 3221 perfidia
1432 3142 1713 3219 potuerit.
1803 3140 2072 3202 Hordeo-

270 3244 405 3301 nius
425 3242 789 3318 exemplares
812 3240 1078 3299 omnium
1095 3239 1451 3308 litterarum,
1478 3239 1696 3316 quibus
1717 3258 1826 3316 per
1847 3238 2072 3299 Gallias

188 3360 248 3396 10
273 3336 764 3411 Britanniamque
794 3343 855 3392 et
885 3335 1206 3411 Hispanias
1248 3335 1470 3394 auxilia
1510 3335 1736 3408 orabat,
1782 3337 2072 3397 exercitui
