2261 3684
225 261 338 323 102
759 259 1157 324 CORNELII
1193 261 1298 324 ΤΑ
1309 264 1391 324 C'I
1393 259 1480 324 TI

219 423 453 484 animus
520 425 675 484 tanti
746 424 957 503 flagitii
1026 425 1301 503 imagine.
1415 424 1705 485 Tutorine
1761 424 2030 485 Trevero

220 529 473 600 agentur
500 522 826 581 excubiae?
906 523 1145 600 signum
1172 521 1313 581 belli
1355 520 1622 581 Batavus
1663 522 1882 581 dabit?
1965 527 2031 580 et

220 618 658 678 Germanorum
743 626 1009 678 catervas
1081 618 1437 696 supplebitis
1467 620 1488 677 ‘3
1594 619 1727 696 quis
1804 618 2028 677 deinde

131 726 191 779 35
219 715 455 776 sceleris
484 716 699 788 exituS‚
732 735 864 775 cum
897 715 1203 776 Romanae
1223 715 1486 794 legiones
1514 735 1568 776 se
1589 722 1796 775 contra
1817 715 2028 775 derex-

221 814 427 874 erint?
510 813 852 892 transfugae
895 833 928 872 e
973 813 1297 892 transfugis
1338 819 1400 872 et
1440 812 1775 890 proditores
1817 832 1849 872 e
1893 832 2029 889 pro-

220 912 515 972 ditoribus
544 911 704 971 inter
733 930 935 970 recens
963 916 1026 970 et
1052 919 1227 970 vetus
1244 916 1680 970 sacramentum
1697 909 1877 968 invisi
1896 907 2028 967 deis

220 1009 543 1069 errabitis?
624 1015 703 1080 te,
758 1007 1032 1084 Iuppiter
1086 1007 1312 1085 optime
1366 1006 1643 1080 maxime,
1697 1025 1875 1084 quem
1917 1024 2027 1083 per

222 1107 602 1185 octingentos
631 1105 848 1183 viginti
878 1124 1067 1164 annos
1095 1110 1191 1164 tot
1231 1103 1553 1181 triumphis
1597 1103 1903 1176 coluimuS‚
1942 1109 2022 1175 te,

129 1217 194 1263 40
223 1204 472 1278 Quirine
501 1203 809 1263 Romanae
837 1221 1051 1280 parens
1090 1202 1273 1273 urbis,
1303 1221 1510 1279 precor
1538 1220 1907 1279 venerorque
1932 1209 2021 1274 ut,

219 1302 269 1360 si
298 1301 469 1361 vobis
490 1320 613 1360 non
644 1300 763 1359 fuit
791 1299 955 1359 cordi
984 1319 1078 1358 me
1108 1298 1258 1358 duce
1286 1298 1429 1358 haec
1460 1305 1651 1358 castra
1678 1299 2027 1375 incorrupta

220 1406 282 1458 et
338 1398 697 1458 intemerata
752 1396 990 1470 servari,
1052 1403 1115 1455 at
1171 1402 1329 1455 certe
1369 1394 1555 1472 pollui
1598 1394 1942 1471 foedarique
1989 1414 2027 1453 a

220 1496 445 1556 Tutore
502 1501 566 1554 et
620 1494 882 1554 Classico
938 1513 1013 1553 ne
1079 1492 1332 1552 sinatis:
1400 1492 1692 1551 militibus
1735 1492 2026 1551 Romanis

218 1601 326 1653 aut
379 1591 785 1652 innocentiam
841 1589 995 1650 detis
1052 1596 1160 1650 aut
1212 1596 1508 1649 maturam
1564 1596 1627 1648 et
1679 1589 1809 1648 sine
1862 1608 2027 1648 noxa

129 1698 191 1749 45
219 1689 702 1767 paenitentiam.”

112 1779 192 1844 59
298 1787 461 1848 LIX.
493 1786 677 1847 Varie
707 1792 957 1864 excepta
986 1785 1177 1846 oratio
1205 1785 1365 1845 inter
1391 1804 1556 1863 spem
1578 1789 1927 1863 metumque
1955 1804 2024 1845 ac

218 1886 523 1965 pudorem.
599 1884 929 1963 digressum
958 1882 1252 1944 Voculam
1282 1890 1344 1942 et
1372 1882 1447 1942 de
1475 1882 1770 1960 supremis
1798 1883 2025 1959 agitan-

268 2002 347 2042 Hu
364 2001 501 2041 death.
658 1988 782 2042 tem
837 1981 1038 2041 liberti
1080 1980 1354 2057 servique
1410 1979 1769 2057 prohibuere
1808 1979 2026 2039 foedis-

217 2079 426 2138 simam
456 2086 712 2139 mortem
740 2086 953 2157 sponte
982 2078 1345 2156 praevenire.
1433 2084 1496 2136 et
1517 2075 1812 2136 Classicus
1839 2078 2024 2137 misso

162 2193 188 2246 5
215 2175 476 2236 Aemilio
517 2176 807 2255 Longin0,
852 2176 1153 2236 desertore
1193 2175 1420 2253 primae
1468 2174 1733 2253 legionis,
1779 2174 2023 2235 caedem

216 2274 342 2333 eius
399 2275 751 2350 maturavit3
823 2273 1198 2334 Herennium
1254 2280 1317 2333 et
1383 2273 1723 2332 Numisium
1792 2272 2022 2351 legatos

217 2370 426 2430 vinciri
468 2372 612 2431 satis
654 2372 866 2431 visum.
979 2370 1121 2430 dein
1171 2370 1425 2447 sumptis
1478 2370 1736 2430 Romani
1781 2371 2021 2449 imperii

213 2468 547 2546 insignibus
603 2469 667 2527 in
722 2476 915 2528 castra
962 2468 1146 2528 venit.
1232 2487 1339 2527 nec
1388 2466 1494 2540 illi,
1539 2487 1900 2545 quamquam
1944 2467 2021 2527 ad

215 2587 389 2627 omne
457 2566 687 2626 facinus
756 2566 991 2638 durat0,
1064 2565 1250 2625 verba
1316 2564 1475 2623 ultra
1542 2564 2018 2642 suppeditavere,

131 2683 190 2720 10
215 2685 393 2743 quam
421 2671 493 2723 ut
520 2671 953 2724 sacramentum
988 2662 1298 2723 recitaret:
1338 2662 1608 2721 iuravere
1637 2662 1740 2739 qui
1771 2661 2021 2721 aderant

212 2782 322 2841 pro
363 2762 614 2839 imperio
659 2760 1005 2821 Galliarum.
1090 2760 1537 2819 interfectorem
1578 2758 1840 2819 Voculae
1882 2759 2020 2819 altis

213 2859 538 2930 ordinibuS,
614 2864 856 2931 ceteros,
913 2864 985 2917 ut
1026 2858 1280 2935 quisque
1334 2857 1633 2935 flagitium
1674 2864 2015 2930 navaverat,

210 2957 490 3035 praemiis
518 2955 760 3016 attollit.
1699 3006 1706 3013 .

291 3053 535 3113 Divisae
592 3053 732 3112 inde
788 3052 948 3113 inter
1002 3052 1292 3111 Tutorem
1336 3058 1397 3111 et
1443 3050 1773 3111 Classicum
1823 3071 2015 3112 curae.

132 3184 185 3237 ¹5
212 3152 403 3211 Tutor
442 3151 644 3211 valida
671 3171 855 3211 manu
896 3149 1294 3210 circumdatos
1323 3149 1793 3227 Agrippinenses
1835 3168 2020 3226 quan-

212 3257 459 3321 tumque
514 3246 779 3305 militum
832 3246 992 3324 apud
1048 3246 1413 3323 superiorem
1468 3246 1666 3305 Rheni
1711 3246 1904 3324 ripam
1954 3247 2019 3306 in

129 3415 134 3418 .
212 3339 419 3399 eadem
446 3340 630 3397 verba
658 3340 863 3417 adigit,
896 3342 1101 3399 occisis
1130 3341 1501 3418 Mogontiaci
1530 3342 1806 3416 tribunis,
1839 3343 2020 3421 pulso

132 3535 164 3561 k
