2261 3684
594 239 1195 305 HISTORIARUM
1230 246 1385 306 LIB.
1431 248 1538 308 IV.
1897 255 1970 313 97

165 398 318 459 mari
348 401 709 463 committit:
738 403 958 482 quippe
980 411 1151 465 tanto
1180 405 1518 469 discrimine
1539 410 1681 471 urbs
1701 414 1968 489 nutabat,

164 503 237 556 ut
265 496 472 557 decem
502 499 663 559 haud
701 501 954 579 amplius
982 501 1216 563 dierum
1241 504 1610 566 frumentum
1638 509 1702 568 in
1743 510 1972 572 horreis

164 595 365 668 fuerit,
398 615 534 655 cum
562 617 598 656 a
624 597 992 676 Vespasiano
1019 610 1385 662 commeatus
1413 604 1752 667 subvenere.

246 691 416 753 LIII.
464 693 684 754 Curam
715 696 1073 756 restituendi
1116 697 1399 776 Capitolii
1439 699 1502 759 in
1545 700 1610 760 L.
1644 704 1971 766 Vestinum
1997 701 2078 765 53

163 790 415 863 confert,
490 793 783 870 equestris
853 793 1081 853 ordinis
1151 796 1364 870 virum,
1439 798 1542 857 sed
1612 804 1969 864 auctoritate

160 886 444 966 famaque
484 888 644 948 inter
672 910 957 968 proceres.
1064 892 1143 952 ab
1184 912 1254 953 eo
1296 897 1588 955 contracti
1630 897 1970 978 haruspices

160 1004 471 1058 monuere,
504 993 575 1045 ut
601 986 888 1066 reliquiae
930 989 1147 1067 prioris
1187 990 1421 1052 delubri
1448 992 1513 1051 in
1552 994 1799 1072 paludes
1841 1019 1972 1059 ave-

159 1081 473 1157 herentur,
519 1085 813 1163 templum
849 1085 1040 1146 isdem
1081 1088 1354 1168 vestigiis
1396 1090 1741 1154 sisteretur:
1810 1096 1969 1156 nolle
1994 1112 2021 1165 5

158 1181 310 1243 deos
350 1183 575 1243 mutari
616 1190 883 1244 veterem
923 1184 1196 1244 formam.
1320 1186 1413 1246 XI
1454 1186 1741 1249 kalendas
1784 1191 1968 1252 Iulias

157 1299 375 1340 serena
414 1280 545 1340 luce
586 1281 851 1359 spatium
887 1301 1080 1354 omne,
1111 1282 1273 1360 quod
1301 1283 1528 1361 templo
1617 1348 1694 1388 M
1818 1347 1827 1358 ,

157 1376 493 1452 dicabatur,
558 1378 865 1438 evinctum
932 1378 1106 1439 vittis
1175 1379 1525 1459 coronisque
1568 1397 1633 1437 the
1698 1349 1977 1447 wag

156 1474 418 1553 ingressi
484 1475 721 1548 milites,
795 1475 928 1552 quis
996 1475 1195 1536 fausta
1262 1477 1523 1549 nomina,
1567 1449 1726 1497 “mm“

155 1571 435 1632 felicibus
489 1572 708 1648 ramis3
765 1572 902 1631 dein
944 1572 1209 1652 virgines
1250 1573 1522 1634 Vestales
1577 1592 1712 1632 cum
1765 1572 1966 1650 pueris
1997 1599 2056 1635 10

156 1668 493 1747 puellisque
574 1669 848 1748 patrimis
930 1671 1343 1749 matrimisque
1432 1690 1588 1748 aqua
1664 1690 1697 1728 e
1790 1668 1965 1728 fonti-

155 1765 274 1826 bus
331 1765 723 1846 amnibusque
778 1766 995 1827 hausta
1047 1767 1333 1846 perluere.
1465 1775 1593 1826 tum
1648 1765 1964 1825 Helvidius

155 1863 405 1923 Priscus
445 1871 702 1942 praetor,
747 1872 1071 1942 praeeunte
1113 1864 1353 1925 Plautio
1381 1864 1635 1924 Aeliano
1664 1863 1959 1942 pontifice,

155 1961 419 2020 lustrata
460 1961 964 2022 suovetaurilibus
992 1982 1130 2022 area
1158 1969 1220 2021 et
1261 1981 1440 2040 super
1480 1961 1798 2038 caespitem
1836 1960 1963 2020 red-

156 2057 307 2117 ditis
350 2058 524 2130 extis,
556 2057 777 2131 Iovem,
811 2058 1120 2132 Iunonem,
1167 2058 1506 2118 Minervam
1545 2057 1962 2136 praesidesque
1993 2083 2050 2135 15

152 2154 401 2232 imperii
482 2154 624 2214 deos
706 2161 997 2233 precatus,
1083 2155 1178 2214 uti
1254 2162 1463 2233 coepta
1543 2161 1962 2233 prosperarent

157 2252 453 2329 sedesque
482 2271 619 2311 suas
647 2252 873 2329 pietate
914 2252 1227 2312 hominum
1267 2253 1576 2312 inchoatas
1613 2252 1817 2312 divina
1849 2271 1961 2328 ope

154 2349 525 2422 attollerent,
557 2348 762 2421 vittas,
794 2349 927 2427 quis
968 2349 1189 2428 ligatus
1230 2349 1383 2428 lapis
1423 2348 1747 2427 innexique
1787 2348 1962 2408 funes

152 2453 345 2521 erant,
381 2446 670 2525 contigit3
713 2446 889 2506 simul
917 2449 1099 2506 ceteri
1126 2447 1511 2526 magistratus
1539 2453 1602 2505 et
1628 2445 1963 2505 sacerdotes

153 2547 219 2600 et
267 2546 511 2600 senatus
567 2545 629 2599 et
674 2558 855 2617 eques
903 2547 967 2599 et
1020 2560 1238 2619 magna
1285 2560 1422 2618 pars
1476 2538 1701 2617 populi,
1760 2537 1959 2599 studio
1985 2564 2051 2601 20

153 2635 509 2713 laetitiaque
540 2635 756 2707 conixi,
794 2655 1006 2695 saxum
1034 2636 1245 2715 ingens
1285 2645 1541 2696 traxere.
1622 2635 1959 2713 passimque

152 2733 412 2793 iniectae
493 2731 902 2792 fundamentis
984 2734 1216 2812 argenti
1299 2734 1546 2811 aurique
1633 2733 1816 2810 stipes
1898 2739 1960 2791 et

152 2829 539 2891 metallorum
565 2829 884 2908 primitiae,
914 2828 1096 2889 nullis
1123 2830 1460 2890 fornacibus
1500 2830 1710 2904 victae,
1743 2829 1848 2889 sed
1888 2837 1961 2889 ut

149 2929 526 3007 gignuntur:
593 2927 944 3004 praedixere
1006 2927 1363 3005 haruspices,
1422 2947 1497 2987 ne
1565 2935 1959 2988 temeraretur

150 3045 303 3104 opus
332 3045 479 3085 saxo
498 3044 718 3084 aurove
735 3025 800 3084 in
828 3024 995 3084 aliud
1023 3023 1341 3085 destinato,
1429 3025 1687 3084 altitudo
1710 3024 1957 3085 aedibus
1983 3048 2046 3100 25

150 3123 427 3184 adiecta:
485 3121 550 3181 id
597 3122 791 3182 solum
832 3122 1042 3200 religio
1084 3122 1345 3183 adnuere
1388 3129 1450 3183 et
1490 3122 1706 3201 prioris
1748 3123 1957 3202 templi

150 3219 628 3298 magnificentiae
658 3219 917 3280 defuisse
939 3219 1308 3280 credebatur.

230 3317 390 3378 LIV.
435 3316 667 3377 Audita
684 3317 925 3377 interim
939 3336 1049 3395 per
1065 3317 1292 3377 Gallias
1310 3317 1776 3395 Germaniasque
1795 3338 1953 3377 mors
1980 3330 2061 3392 54

1029 3460 1064 3494 G
