2261 3684
683 276 1281 342 HISTORIARUM
1315 279 1469 338 LIB.
1520 279 1622 338 IV.
1984 282 2059 339 95

253 441 491 500 clausus
533 440 695 499 intra
736 440 998 513 domum,
1045 425 1125 500 ne⁸
1163 459 1283 518 qua
1323 448 1521 500 motus
1563 440 1704 500 novi
1747 460 1924 500 causa
1965 439 2059 499 vel

253 538 422 598 forte
442 545 727 599 oreretur.

337 635 403 695 L.
451 634 572 695 Sed
617 635 722 695 ubi
766 634 946 695 Festo
1002 634 1403 694 consternatio
1459 635 1642 712 vulgi,
1700 636 2063 695 centurionis
2089 637 2167 700 50

255 732 618 810 supplicium
671 751 930 810 veraque
987 738 1048 792 et
1102 731 1251 791 falsa
1294 752 1458 791 more
1513 732 1705 792 famae
1760 733 1822 792 in
1872 733 2063 793 maius

254 829 591 902 innotuere,
617 829 849 907 equites
877 829 942 887 in
969 848 1173 888 necem
1217 828 1451 888 Pisonis
1479 829 1690 889 mittit.
1816 830 1906 889 illi
1935 850 2064 909 rap·

256 926 372 985 tim
401 925 558 985 vecti
589 924 838 986 obscuro
867 925 1060 985 adhuc
1089 931 1333 1003 coeptae
1360 926 1508 985 lucis
1536 926 1779 986 domum
1824 948 2066 1005 procon-

256 1022 406 1082 sulis
462 1023 820 1101 inrumpunt
875 1022 1177 1082 destrictis
1231 1022 1462 1101 gladiis,
1529 1032 1589 1083 et
1644 1044 1860 1103 magna
1927 1045 2064 1103 pars
2090 1049 2118 1102 5

256 1120 498 1179 Pisonis
551 1119 762 1198 ignari,
814 1119 976 1198 quod
1032 1119 1264 1179 Poenos
1307 1119 1622 1179 auxiliares
1717 1164 1774 1202 He
1817 1163 1855 1202 i,
1897 1167 1979 1212 pu,
2024 1168 2064 1202 ω

257 1217 624 1294 Maurosque
677 1217 743 1276 in
812 1237 943 1277 eam
1006 1217 1246 1277 caedem
1302 1215 1619 1295 delegerat.
1665 1213 1788 1252 dmm
1806 1213 1855 1262 ‘²³‘
1874 1213 2030 1253 ΜΨ·

257 1314 425 1374 haud
468 1314 672 1393 procul
710 1314 980 1374 cubiculo
1022 1314 1266 1374 obvium
1306 1315 1462 1375 forte
1505 1334 1758 1388 servum,
1791 1315 2063 1392 quisnam

258 1419 325 1471 et
378 1411 483 1471 ubi
545 1419 699 1471 esset
765 1411 922 1486 Piso,
982 1412 1442 1490 interrogavere.
1556 1432 1759 1472 servus
1829 1412 2065 1491 egregio

256 1509 573 1585 mendacio
644 1529 707 1569 se
778 1509 1059 1569 Pisonem
1129 1529 1258 1569 esse
1333 1509 1642 1586 respondit
1718 1529 1783 1568 ac
1859 1510 2063 1569 statim
2097 1533 2155 1570 10

258 1607 669 1667 obtruncatur.
795 1627 903 1667 nec
973 1606 1165 1667 multo
1246 1614 1384 1685 post
1465 1606 1604 1666 Piso
1672 1606 2063 1680 interficitur3

259 1723 520 1781 namque
569 1704 778 1764 aderat
822 1704 923 1782 qui
972 1710 1258 1776 nosceret,
1306 1703 1563 1764 Baebius
1607 1704 1807 1763 Massa
1856 1724 1888 1764 e
1936 1724 2065 1782 pro·

260 1801 633 1862 curatoribus
688 1800 941 1874 Africae,
985 1803 1105 1861 iam
1162 1808 1306 1861 tunc
1363 1801 1588 1880 optimo
1630 1801 1842 1880 cuique
1898 1800 2067 1861 exiti-

261 1918 403 1957 osus
451 1904 514 1958 et
560 1899 719 1958 inter
773 1919 978 1958 causas
1034 1898 1343 1969 malorum,
1404 1918 1555 1977 quae
1611 1918 1753 1958 mox
1797 1898 2063 1971 tulimus,

261 1996 501 2074 saepius
548 1996 868 2055 rediturus
982 1996 1197 2056 Festus
1253 1996 1602 2069 Adrumeto,
1656 1996 1760 2055 ubi
1810 1996 2065 2073 specula·
2098 2019 2152 2069 15

250 2092 493 2153 bundus
548 2093 913 2166 substiterat,
971 2092 1044 2153 ad
1101 2092 1399 2172 legionem
1452 2093 1762 2152 contendit
1802 2095 2034 2169 praefec

250 2197 504 2268 tumque
540 2197 869 2252 castrorum
907 2190 1296 2251 Caetronium
1325 2189 1610 2249 Pisanum
1638 2189 1852 2250 vinciri
1879 2190 2055 2249 iussit

247 2284 520 2364 proprias
550 2284 626 2344 ob
655 2283 1008 2357 simultates,
1039 2284 1143 2343 sed
1186 2285 1420 2344 Pisonis
1450 2286 1769 2345 satellitem
1800 2288 2050 2348 vocabat

246 2382 589 2460 militesque
659 2388 721 2441 et
789 2381 1164 2441 centuriones
1245 2382 1534 2459 quosdam
1616 2383 1827 2460 puniit,
1904 2385 2050 2444 alios

246 2478 529 2558 praemiis
571 2477 808 2551 adfecit,
852 2484 1134 2537 neutrum
1176 2498 1253 2538 ex
1294 2479 1525 2552 merito,
1557 2479 1661 2538 sed
1705 2487 1775 2539 ut
1815 2481 2048 2558 obpres·
2075 2512 2140 2548 20

145 2602 152 2608 ·
247 2578 395 2635 sisse
423 2574 647 2636 bellum
688 2575 1044 2635 crederetur.
1159 2596 1302 2635 mox
1345 2577 1665 2636 Oeensium
1708 2577 2052 2656 Leptitano-

246 2693 504 2751 rumque
546 2672 874 2732 discordias
927 2673 1249 2751 componit,
1295 2693 1448 2752 quae
1488 2681 1664 2751 raptu
1705 2674 1945 2754 frugum
1991 2684 2051 2736 et

249 2790 534 2849 pecorum
589 2770 749 2828 inter
796 2776 1056 2847 agrestes
1100 2770 1348 2830 modicis
1395 2771 1718 2849 principiiS,
1770 2773 1891 2832 iam
1946 2794 2051 2853 per

248 2887 416 2927 arma
443 2873 624 2944 atque
653 2866 808 2926 acies
836 2866 1266 2926 exercebantur
1287 2889 1304 2942 3
1351 2887 1492 2926 nam
1520 2868 1775 2947 populus
1805 2870 2050 2931 Oeensis

248 2959 642 3020 multitudine
691 2959 940 3019 inferior
985 2960 1381 3020 Garamantas
1435 2962 1751 3036 exciverat,
1810 2971 2050 3041 gentem
2077 2997 2139 3050 25

249 3056 606 3116 indomitam
634 3064 697 3116 et
722 3056 882 3116 inter
908 3056 1135 3116 accolas
1162 3057 1488 3118 latrociniis
1515 3059 1845 3120 fecundam.
1893 3061 2052 3122 unde

251 3163 415 3215 artae
445 3154 782 3231 Leptitanis
799 3174 909 3227 res,
932 3153 1168 3233 lateque
1187 3155 1436 3215 vastatis
1459 3156 1615 3233 agris
1638 3156 1799 3216 intra
1817 3160 2052 3220 moenia

251 3252 653 3330 trepidabant,
710 3252 897 3312 donec
939 3252 1286 3312 interventu
1331 3252 1666 3312 cohortium
1707 3253 2051 3336 alarumque

251 3349 365 3409 fusi
437 3342 831 3410 Garamantes
913 3357 976 3410 et
1043 3356 1281 3428 recepta
1355 3350 1547 3408 omnis
1628 3352 1865 3429 praeda,
1937 3356 2048 3415 nisi
