2261 3684
673 234 1265 297 HISTORIARUM
1305 234 1462 294 LIB.
1507 235 1616 294 IV.
1938 238 2048 294 105

249 400 443 478 signa,
473 398 844 477 fulgentibus
874 397 1012 456 hinc
1040 397 1182 456 inde
1213 396 1523 456 Gallorum
1551 396 1826 465 vexillis3
1869 396 2050 457 silens

249 517 467 575 agmen
494 504 558 557 et
598 495 768 556 velut
794 495 1004 573 longae
1034 494 1352 572 exsequiae
1377 517 1393 569 3
1436 494 1564 553 dux
1593 492 1880 554 Claudius
1908 494 2051 554 San·

250 602 385 653 ctus
415 595 627 654 effosso
669 593 840 653 oculo
867 592 1033 652 dirus
1077 612 1196 665 ore,
1230 591 1473 670 ingenio
1512 590 1776 652 debilior.
1862 591 2052 670 dupli-

248 699 423 751 catur
465 691 776 770 flagitium,
808 697 1128 768 postquam
1172 689 1423 749 desertis
1464 688 1881 749 Bonnensibus
1933 709 2052 749 cas-

248 789 363 848 tris
405 788 592 848 altera
632 808 695 849 se
727 787 884 866 legio
926 787 1261 847 miscuerat.
1349 793 1411 845 et
1458 785 1702 864 vulgata
1742 794 2050 865 captarum
2076 812 2141 849 20

247 886 555 965 legionum
602 886 761 946 fama
808 885 1022 957 cuncti,
1071 884 1177 962 qui
1224 883 1403 962 paulo
1446 891 1586 944 ante
1643 884 2048 945 Romanorum

246 1004 470 1044 nomen
510 983 854 1056 horrebant,
898 988 1312 1062 procurrentes
1355 1002 1430 1041 ex
1459 981 1616 1060 agris
1660 982 1950 1061 tectisque
1989 990 2050 1043 et

245 1081 516 1160 undique
544 1082 716 1142 effusi
756 1080 998 1140 insolito
1027 1079 1363 1159 spectaculo
1391 1079 1647 1139 nimium
1674 1080 2046 1140 fruebantur.

246 1199 371 1239 non
427 1179 572 1239 tulit
621 1178 716 1238 ala
763 1178 1077 1238 Picentina
1133 1176 1422 1256 gaudium
1469 1175 1820 1237 insultantis
1863 1177 2050 1257 vulgi,

245 1277 581 1356 spretisque
633 1276 838 1336 Sancti
875 1275 1184 1353 promissis
1234 1282 1341 1334 aut
1383 1273 1561 1333 minis
1604 1275 2051 1353 Mogontiacum
2078 1296 2141 1351 25

246 1374 510 1449 abeunt;
550 1394 618 1434 ac
654 1373 811 1434 forte
854 1372 1032 1433 obvio
1060 1372 1442 1432 interfectore
1470 1371 1735 1432 Voculae
1778 1372 2052 1452 Longino

245 1471 529 1532 coniectis
550 1471 616 1530 in
644 1490 783 1531 eum
802 1470 942 1530 telis
971 1469 1214 1529 initium
1236 1467 1632 1529 exsolvendae
1661 1469 1724 1528 in
1745 1477 2051 1548 posterum

244 1568 455 1648 culpae
510 1569 739 1629 feceret
805 1566 1070 1646 legiones
1124 1566 1280 1626 nihil
1334 1572 1568 1626 mutato
1623 1566 1839 1628 itinere
1910 1575 2051 1629 ante

243 1666 482 1726 moenia
508 1666 908 1726 Treverorum
935 1662 1269 1724 considunt.

326 1762 556 1823 LXIII.
605 1761 812 1822 Civilis
854 1768 917 1822 et
968 1761 1263 1822 Classicus
1296 1761 1475 1822 rebus
1514 1760 1787 1822 secundis
1830 1762 2049 1823 sublati
2077 1754 2158 1820 63

242 1880 322 1920 an
365 1859 658 1921 coloniam
694 1859 1198 1938 Agrippinensem
1240 1859 1645 1938 diripiendam
1686 1862 2050 1922 exercitibus
2129 1851 2133 1854 “

242 1958 369 2017 suis
425 1958 860 2036 permitterent,
921 1956 1288 2018 dubitavere.
1404 1957 1656 2017 saevitia
1708 1958 1935 2038 ingenii
1990 1968 2052 2021 et

242 2053 523 2133 cupidine
564 2054 821 2133 praedae
854 2054 932 2115 ad
969 2054 1271 2114 excidium
1326 2054 1589 2114 civitatis
1622 2056 2050 2128 trahebantur:

242 2151 523 2212 obstabat
563 2152 718 2211 ratio
760 2151 901 2211 belli
944 2159 1005 2211 et
1042 2171 1267 2211 novum
1294 2151 1611 2230 imperium
1703 2214 1740 2252 P

240 2249 663 2309 inchoantibus
742 2248 909 2308 utilis
986 2248 1338 2309 clementiae
1416 2248 1610 2323 fama;
1651 2215 2051 2325 εινοξοῗιῖἶῗοῖξηῖἶ

241 2346 498 2407 Civilem
540 2346 723 2406 etiam
767 2346 1038 2406 beneficii
1087 2346 1373 2406 memoria
1415 2346 1601 2419 flexit,
1653 2314 1996 2363 Amppmmm.

239 2443 403 2521 quod
442 2444 633 2503 filium
674 2444 802 2503 eius
838 2444 1032 2521 primo
1059 2463 1263 2503 rerum
1289 2450 1460 2503 motu
1486 2443 1550 2502 in
1580 2442 1812 2503 colonia
1839 2443 2048 2521 Agrip·

237 2540 476 2619 pinensi
532 2540 969 2619 deprehensum
1023 2541 1317 2601 honorata
1371 2541 1643 2602 custodia
1695 2540 2044 2601 habuerant.

238 2637 348 2697 sed
403 2636 875 2697 Transrhenanis
930 2637 1209 2716 gentibus
1250 2637 1445 2697 invisa
1485 2638 1694 2698 civitas
1743 2623 2049 2716 opulentia
2079 2656 2140 2693 10

238 2741 536 2812 auctuque
560 2755 577 2808 3
625 2754 817 2812 neque
859 2733 1043 2794 alium
1078 2735 1255 2794 finem
1283 2734 1425 2795 belli
1454 2734 1754 2807 rebantur,
1787 2754 1969 2811 quam
1997 2736 2047 2793 si

236 2832 534 2910 promisca
553 2830 813 2891 easedes
841 2831 1117 2891 omnibus
1146 2831 1463 2892 Germanis
1490 2832 1646 2893 foret
1667 2839 1774 2892 aut
1800 2831 2047 2892 disiecta
2116 2857 2123 2863 ’

237 2929 432 2989 Ubios
461 2949 697 3007 quoque
725 2928 1113 3007 dispersisset.

317 3026 535 3087 LXIV.
587 3026 785 3105 Igitur
813 3026 1107 3101 Tencteri,
1140 3026 1353 3087 Rheno
1377 3027 1632 3088 discreta
1658 3048 1817 3106 gens,
1850 3028 2044 3087 missis
2071 3030 2151 3095 64

236 3123 777 3203 legatismandata
818 3124 978 3202 apud
1019 3124 1336 3184 concilium
1375 3124 1906 3203 Agrippinensium
1947 3126 2045 3187 edi

235 3223 468 3297 iubent,
514 3240 667 3299 quae
712 3221 1113 3281 ferocissimus
1163 3240 1195 3281 e
1239 3220 1450 3300 legatis
1496 3223 1559 3281 in
1604 3221 1761 3282 hunc
1798 3222 2043 3284 modum

235 3320 529 3400 protulit:
621 3325 635 3353 ‘
656 3317 880 3378 redisse
936 3338 1043 3379 vos
1098 3318 1165 3377 in
1220 3339 1432 3398 corpus
1504 3339 1838 3399 nomenque
1901 3322 2042 3386 Ger·
