2261 3684
691 274 1289 337 HISTORIARUM
1322 273 1478 333 LIB.
1524 272 1647 334 III.
1995 272 2073 331 55

260 438 455 499 eximi
494 458 773 517 supremo
815 437 1125 497 certamini
1167 455 1355 494 unum
1397 434 1557 494 diem
1597 432 1981 512 postulabat:
2023 432 2074 491 si
2103 446 2162 482 10

258 556 498 597 moram
566 535 1018 607 interiecissent,
1091 532 1323 592 facilius
1406 531 1610 590 omnia
1686 537 2065 591 conventura.

257 633 533 712 virgines
577 653 708 693 cum
751 632 975 692 honore
1033 630 1353 704 dimissae3
1413 628 1661 689 Vitellio
1718 627 2072 707 rescriptum

259 729 480 790 Sabini
535 730 715 790 caede
771 735 832 789 et
888 727 1166 788 incendio
1224 725 1508 804 Capitolii
1565 726 1863 805 dirempta
1927 724 2069 785 belli

258 827 637 887 commercia.

346 923 667 984 LXXXII.
714 923 1062 1001 Temptavit
1106 929 1307 982 tamen
1349 920 1654 981 Antonius
1700 926 1938 980 vocatas
1994 919 2069 980 ad
2095 920 2176 985 82

258 1021 607 1081 contionem
634 1021 898 1100 legiones
940 1021 1232 1099 mitigare,
1263 1026 1333 1079 ut
1375 1019 1584 1079 castris
1611 1019 1785 1078 iuxta
1824 1025 2071 1097 pontem

260 1117 568 1177 Mulvium
616 1119 826 1197 positis
881 1125 1122 1196 postera
1177 1116 1275 1178 die
1331 1117 1538 1177 urbem
1593 1116 2065 1195 ingrederentur.

260 1216 420 1275 ratio
488 1216 824 1287 cunctandi,
895 1235 971 1275 ne
1042 1221 1350 1294 asperatus
1419 1213 1647 1291 proelio
1714 1213 1884 1273 miles
1946 1234 2068 1274 non

257 1312 503 1391 popu10,
544 1333 665 1374 non
712 1313 963 1385 senatui,
1009 1333 1086 1373 ne
1126 1312 1370 1390 templis
1412 1311 1653 1389 quidem
1696 1331 1764 1371 ac
1804 1310 2067 1371 delubris
2096 1333 2123 1387 5

259 1409 514 1469 deorum
595 1409 940 1470 consuleret
1031 1409 1138 1470 sed
1207 1428 1447 1468 omnem
1529 1408 1927 1486 prolationem
1993 1416 2066 1469 ut

257 1506 567 1568 inimicam
594 1507 878 1567 victoriae
907 1507 1369 1585 suspectabant3
1412 1504 1590 1565 simul
1631 1505 1922 1583 fulgentia
1961 1526 2070 1585 per

257 1602 443 1663 eolles
469 1603 703 1675 vexilla,
748 1623 1109 1681 quamquam
1149 1603 1387 1663 inbellis
1417 1602 1673 1681 populus
1701 1610 2068 1681 sequeretur,

256 1700 518 1779 speciem
547 1701 781 1760 hostilis
810 1702 1107 1761 exercitus
1135 1701 1415 1760 fecerant.
1501 1699 1800 1777 tripertito
1829 1701 2065 1779 agmine

255 1818 417 1878 pars,
466 1805 537 1858 ut
584 1798 914 1872 adstiterat,
966 1797 1264 1858 Flaminia
1311 1798 1424 1871 via,
1477 1816 1613 1875 pars
1656 1797 1828 1858 iuxta
1873 1798 2066 1879 ripam
2097 1820 2157 1856 10

256 1896 496 1956 Tiberis
522 1896 765 1957 incessit
784 1920 801 1971 3
842 1896 1088 1956 tertium
1115 1916 1330 1975 agmen
1360 1915 1467 1974 per
1493 1894 1782 1955 Salariam
1802 1895 2066 1958 Collinae

254 2000 469 2072 portae
509 1993 966 2072 propinquabat.
1050 1992 1221 2072 plebs
1262 1992 1514 2053 invectis
1557 1993 1859 2070 equitibus
1899 1993 2065 2070 fusa,

257 2091 434 2151 miles
490 2090 851 2151 Vitellianus
900 2090 1076 2150 trinis
1134 2096 1195 2150 et
1250 2090 1376 2168 ipse
1426 2090 1736 2167 praesidiis
1791 2093 2061 2153 occurrit.

255 2188 489 2268 proelia
515 2199 655 2249 ante
683 2189 894 2249 urbem
922 2187 1115 2247 multa
1143 2194 1205 2246 et
1245 2187 1426 2258 varia,
1459 2186 1563 2246 sed
1605 2186 1906 2247 Flavianis
1934 2209 2067 2250 con-

256 2286 394 2347 silio
436 2286 655 2347 ducum
700 2285 1148 2364 praestantibus
1194 2284 1428 2362 saepius
1471 2303 1772 2362 prospera.
1856 2286 1901 2344 ii
1937 2294 2062 2347 tan·
2095 2304 2151 2358 15

256 2390 391 2443 tum
440 2382 762 2443 conflictati
810 2389 969 2456 sunt,
1018 2381 1122 2460 qui
1166 2381 1231 2440 in
1271 2389 1506 2459 partem
1548 2381 1850 2441 sinistram
1896 2384 2063 2443 urbis

256 2481 337 2541 ad
367 2480 763 2540 Sallustianos
805 2479 1012 2539 hortos
1041 2498 1149 2557 per
1190 2485 1446 2557 angusta
1474 2485 1535 2538 et
1576 2478 1804 2539 lubrica
1831 2480 2062 2540 viarum

255 2580 567 2639 flexerant.
655 2584 1063 2656 superstantes
1092 2576 1364 2636 maceriis
1407 2576 1724 2642 hortorum
1751 2577 2061 2639 Vitelliani

255 2675 336 2736 ad
378 2695 577 2736 serum
605 2694 794 2753 usque
831 2674 993 2734 diem
1036 2674 1197 2732 saxis
1240 2673 1496 2752 pilisque
1538 2674 1861 2735 subeuntes
1909 2697 2062 2738 arce-

254 2774 424 2846 bant,
453 2772 642 2832 donec
669 2771 744 2831 ab
786 2771 1104 2849 equitibuS,
1146 2771 1251 2849 qui
1279 2777 1453 2848 porta
1487 2769 1618 2847 Col·
1709 2815 1877 2854 Bam„
1932 2816 2061 2865 before
2088 2790 2152 2826 20

253 2870 381 2930 lina
396 2870 765 2948 inruperant,
797 2868 1384 2928 circumvenirentur.
1491 2888 1622 2927 con·
1663 2866 1753 2904 ‘²⁷²⁰‘
1770 2865 1819 2904 ‘⁷‘
1839 2866 1903 2905 ⁸²²⁶
1919 2867 2020 2915 ⁰⁸²2!-

253 2986 493 3029 currere
558 2974 621 3027 et
686 2965 751 3025 in
820 2985 1027 3044 campo
1082 2964 1308 3024 Martio
1364 2964 1615 3024 infestae
1670 2963 1839 3023 acies.
1952 2985 2061 3042 pro

252 3064 559 3124 Flavianis
586 3063 831 3122 fortuna
858 3069 920 3122 et
948 3068 1121 3139 parta
1149 3062 1374 3121 totiens
1395 3060 1679 3121 victoria:
1748 3060 2061 3122 Vitelliani

252 3160 670 3239 desperatione
711 3159 838 3220 sola
864 3159 1137 3230 ruebant,
1170 3165 1232 3218 et
1260 3177 1619 3237 quamquam
1650 3156 1823 3236 pulsi,
1854 3178 2060 3219 rursus

250 3260 316 3319 in
343 3258 495 3319 urbe
524 3256 1051 3335 congregabantur.
2086 3274 2116 3308 ρ,
2120 3271 2147 3321 5

334 3354 688 3417 LXXXIII.
734 3353 967 3414 Aderat
1006 3351 1417 3430 pugnantibus
1448 3354 1745 3427 spectator
1782 3350 2038 3427 populus
2084 3348 2164 3411 83
