2261 3684
193 279 306 338 116
730 276 1125 338 CORNELII
1169 277 1272 336 TA
1282 275 1368 336 01
1366 275 1451 335 TI

186 439 372 512 malit,
417 459 494 499 ne
537 438 600 498 id
643 438 885 517 quidem
928 438 1201 498 abnuere.
1289 436 1368 497 ad
1408 457 1477 497 ea
1518 436 1765 497 Cerialis
1810 436 1996 497 Civili

104 552 162 588 ¹0
186 544 249 598 et
276 535 535 597 Classico
564 534 715 594 nihil
743 559 755 595 :
797 554 934 594 eum
963 535 1066 612 qui
1094 534 1379 594 attulerat
1417 539 1467 593 et
1506 534 1662 611 ipsas
1704 533 1995 612 epistulas

185 633 262 694 ad
289 632 704 692 Domitianum
731 631 913 691 misit.

266 729 488 790 Hostes
529 728 739 788 divisis
781 728 965 807 copiis
1007 727 1304 788 advenere
1346 727 1630 806 undique.
1717 727 1993 806 plerique

186 827 505 906 culpabant
533 825 823 887 Cerialem
853 846 1092 904 passum
1119 825 1291 904 iungi
1319 845 1467 903 quos
1496 824 1781 885 discretos
1809 825 1994 884 inter-

185 925 378 1003 cipere
438 923 715 984 licuisset.
829 922 1138 983 Romanus
1207 923 1501 983 exercitus
1570 929 1762 982 castra
1829 922 1992 982 fossa

86 1037 143 1091 15
184 1022 460 1100 valloque
501 1018 909 1093 circumdedit,
940 1019 1074 1098 quis
1115 1026 1342 1079 temere
1384 1026 1561 1079 antea
1600 1018 1817 1078 intutis
1854 1039 1993 1079 con-

184 1119 432 1181 sederat.

78 1212 158 1277 76
262 1213 546 1276 LXXVI.
591 1212 774 1290 Apud
812 1212 1144 1273 Germanos
1171 1211 1424 1271 diversis
1462 1210 1777 1271 sententiis
1806 1217 1992 1270 certa-

180 1315 374 1374 batur.
461 1309 671 1371 Civilis
701 1308 1092 1387 opperiendas
1136 1308 1728 1369 Transrhenanorum
1756 1314 1984 1387 gentes,

182 1429 433 1489 quarum
459 1415 687 1467 terrore
708 1407 932 1467 fractae
953 1406 1161 1484 populi
1190 1405 1446 1466 Romani
1469 1407 1627 1465 vires
1649 1412 1988 1484 optereren-

181 1516 282 1569 tur
308 1530 320 1566 :
364 1504 567 1565 Gallos
595 1503 740 1581 quid
769 1503 932 1563 aliud
962 1524 1143 1582 quam
1170 1503 1454 1582 praedam
1487 1503 1813 1563 victoribus
1841 1505 1862 1562 ‘I
1926 1509 1988 1563 et

127 1625 155 1679 5
181 1613 399 1678 tamen,
429 1600 593 1682 quod
620 1601 848 1661 roboris
878 1601 974 1673 sit,
1007 1600 1220 1680 Belgas
1255 1620 1454 1660 secum
1482 1600 1679 1679 palam
1707 1607 1811 1660 aut
1840 1607 1986 1660 voto

180 1711 350 1763 stare.
458 1700 651 1759 Tutor
711 1698 1089 1758 cunctatione
1154 1718 1412 1758 crescere
1467 1717 1595 1757 rem
1650 1697 1986 1758 Romanam

179 1799 549 1873 adfirmabat,
608 1796 961 1857 coeuntibus
1017 1795 1284 1874 undique
1340 1794 1739 1856 exercitibus:
1795 1802 1986 1855 trans-

234 1958 315 1998 TM
381 1958 581 1998 ser-mam
621 1901 854 1955 vectam
909 1914 941 1954 e
1009 1893 1325 1953 Britannia
1390 1892 1701 1971 legionem,
1765 1894 1985 1954 accitas

177 2009 582 2099 fflgvffigmme-
624 2011 700 2052 ex
788 1990 1098 2070 Hispania,
1184 1989 1509 2050 adventare
1593 2009 1671 2049 ex
1763 1989 1983 2065 Italia3

96 2115 156 2153 ιο
456 2087 467 2099 ”
621 2109 731 2149 nec
820 2089 1089 2149 subitum
1172 2087 1444 2162 militem,
1529 2087 1635 2147 sed
1716 2094 1983 2148 veterem

179 2191 610 2264 expertumque
664 2185 822 2246 belli.
935 2206 1076 2245 nam
1132 2186 1483 2257 Germanos,
1541 2185 1643 2263 qui
1699 2186 1775 2245 ab
1834 2186 1982 2264 ipsis

176 2290 505 2362 sperentur,
577 2303 699 2342 non
768 2283 979 2356 iuberi,
1051 2303 1172 2342 non
1238 2282 1378 2360 regi,
1453 2281 1558 2341 sed
1629 2288 1843 2342 cuncta
1902 2303 1983 2343 ex

176 2380 426 2441 libidine
467 2400 679 2458 agere3
722 2381 1155 2458 pecuniamque
1196 2400 1265 2439 ac
1306 2379 1480 2454 dona,
1513 2380 1644 2458 quis
1684 2380 1822 2440 solis
1861 2400 1983 2440 cor-

177 2484 548 2556 rumpantur,
579 2479 804 2538 maiora
845 2476 1005 2556 apud
1046 2477 1366 2549 Romanos,
1399 2484 1460 2536 et
1497 2477 1797 2538 neminem
1830 2478 1980 2540 adeo

95 2600 151 2654 15
178 2577 241 2636 in
283 2596 447 2635 arma
474 2596 744 2655 pronum,
777 2582 846 2635 ut
886 2595 1009 2635 non
1050 2574 1213 2635 idem
1240 2575 1501 2653 pretium
1543 2576 1762 2653 quietis
1799 2595 1981 2653 quam

176 2673 423 2754 periculi
462 2673 648 2734 malit.
736 2674 897 2751 quod
939 2673 989 2732 si
1031 2672 1238 2732 statim
1279 2671 1754 2751 congrediantur,
1785 2672 1980 2733 nullas

178 2792 303 2832 esse
363 2769 583 2831 Ceriali
650 2769 766 2829 nisi
836 2789 868 2830 e
935 2769 1205 2847 reliquiis
1273 2768 1614 2829 Germanici
1684 2770 1980 2831 exercitus

177 2869 454 2949 legiones,
526 2866 863 2927 foederibus
940 2866 1271 2926 Galliarum
1355 2866 1684 2927 obstrictas.
1795 2866 1980 2945 idque

177 2967 390 3045 ipsum,
458 2964 618 3044 quod
686 2963 1057 3023 inconditam
1118 2983 1312 3041 nuper
1365 2963 1674 3024 Valentini
1736 2985 1982 3026 manum

88 3089 154 3127 20
178 3071 386 3124 contra
426 3083 592 3141 spem
634 3082 803 3121 suam
845 3060 1132 3130 fuderint,
1170 3060 1524 3121 alimentum
1563 3062 1682 3121 illis
1724 3062 1980 3141 ducique

178 3162 572 3222 temeritatis:
629 3179 876 3221 ausuros
930 3179 1135 3219 rursus
1190 3170 1594 3238 venturosque
1648 3160 1713 3220 in
1766 3180 1981 3222 manus

178 3278 301 3317 non
343 3257 588 3332 inperiti
630 3256 1079 3329 adulescentuli,
1124 3255 1309 3315 verba
1351 3264 1412 3315 et
1454 3256 1761 3317 contiones
1799 3277 1982 3335 quam

179 3352 403 3411 ferrum
453 3357 515 3409 et
562 3370 725 3409 arma
773 3351 1139 3422 meditantis,
1186 3351 1290 3411 sed
1340 3351 1550 3413 Civilis
1593 3361 1656 3414 et
1697 3352 1980 3430 Classici,
