2261 3684
623 255 1215 317 HISTORIARUM
1251 254 1408 315 LIB.
1453 254 1572 314 ΙΙΙ.
1922 256 1996 316 57

191 419 457 493 foedare,
489 439 766 498 suprema
786 417 960 477 victis
980 416 1198 476 solacia
1217 415 1741 493 amplectebantur.
1827 416 2003 474 multi

194 517 579 576 semianimes
628 535 807 593 super
846 521 1042 574 turres
1098 521 1162 573 et
1201 512 1647 591 propugnacula
1701 513 2003 573 moenium
2034 532 2092 587 15

196 615 617 693 exspiravere:
661 611 961 672 convulsis
1003 611 1191 689 portis
1226 610 1492 689 reliquus
1531 611 1744 688 globus
1784 611 2006 671 obtulit

198 732 264 772 se
290 711 638 785 victoribus,
669 717 731 770 et
759 709 1021 769 cecidere
1054 727 1260 768 omnes
1302 707 1615 767 contrariis
1643 707 2002 783 vulneribus,

199 809 359 869 versi
403 809 468 869 in
508 808 779 869 hostem:
836 828 906 867 ea
953 826 1095 866 cura
1135 805 1320 866 etiam
1374 805 1766 866 morientibus
1808 806 2007 868 decori

201 908 405 967 exitus
432 906 567 967 fuit.
610 973 619 984 ,

286 1001 575 1063 Vitellius
618 1008 790 1080 capta
833 1001 980 1061 urbe
1030 1021 1138 1078 per
1185 1020 1452 1061 aversam
1503 1000 1721 1060 Palatii
1774 1008 2008 1080 partem
2036 1026 2101 1062 20

208 1097 635 1182 [Aventinum]
680 1099 744 1157 in
772 1097 1016 1157 domum
1048 1097 1252 1157 uxoris
1293 1097 1503 1157 sellula
1529 1097 1813 1174 defertur,
1857 1106 1928 1158 ut
1960 1101 2010 1160 si

207 1198 372 1257 diem
440 1196 671 1257 latebra
736 1196 1065 1267 vitavisset,
1145 1195 1527 1254 Tarracinam
1595 1193 1674 1255 ad
1741 1195 2012 1258 cohortes

206 1295 576 1371 fratremque
620 1293 974 1372 perfugeret.
1081 1292 1222 1352 dein
1270 1291 1606 1352 mobilitate
1661 1292 1885 1371 ingenii
1933 1302 2010 1369 et,

210 1412 367 1470 quae
408 1397 625 1450 natura
663 1389 901 1468 pavoris
943 1395 1051 1462 est,
1096 1409 1231 1449 cum
1275 1389 1474 1449 omnia
1513 1391 1807 1450 metuenti
1852 1412 2016 1469 prae-

211 1488 411 1548 sentia
455 1487 716 1547 maxime
771 1486 1173 1566 displicerent,
1220 1486 1285 1545 in
1332 1485 1634 1546 Palatium
1679 1488 2018 1567 regreditur
2042 1519 2104 1573 25

210 1591 453 1646 vastum
474 1583 909 1661 desertumque,
935 1582 1180 1661 dilapsis
1199 1584 1378 1643 etiam
1399 1583 1619 1644 infimis
1637 1586 2017 1647 servitiorum

214 1690 322 1742 aut
363 1701 671 1743 occursum
712 1681 838 1741 eius
881 1680 1334 1741 declinantibus,
1419 1688 1608 1755 terret
1655 1681 1914 1744 solitudo
1957 1693 2019 1745 et

214 1786 483 1840 tacentes
540 1779 690 1855 loci;
758 1785 1017 1857 temptat
1084 1777 1296 1853 clausa,
1355 1778 1711 1840 inhorrescit
1777 1783 2019 1860 vacuis;

213 1879 525 1956 fessusque
572 1877 790 1937 misero
846 1896 1042 1936 errore
1097 1884 1160 1936 et
1213 1876 1498 1954 pudenda
1550 1876 1781 1939 latebra
1833 1889 2022 1942 semet

216 1975 521 2037 occultans
540 1975 617 2034 ab
645 1973 801 2034 Iulio
823 1973 1065 2034 Placido
1086 1973 1329 2034 tribuno
1351 1974 1611 2035 cohortis
1632 1978 2017 2056 protrahitur.
2048 2012 2112 2063 30

216 2074 455 2133 vinctae
499 2091 656 2150 pone
705 2078 944 2149 tergum
984 2090 1235 2146 manus;
1283 2070 1509 2132 laniata
1548 2081 1732 2146 veste,
1780 2075 2022 2136 foedum

217 2169 641 2250 spectaculum,
687 2169 1032 2242 ducebatur,
1079 2168 1288 2228 multis
1332 2170 1796 2248 increpantibus,
1855 2174 2022 2234 nullo

216 2268 671 2346 inlacrimante:
738 2265 1086 2326 deformitas
1150 2266 1350 2326 exitus
1405 2266 1873 2329 misericordiam
1928 2272 2025 2332 ab·

219 2365 488 2426 stulerat.
574 2364 786 2424 obvius
842 2383 874 2424 e
930 2364 1300 2425 Germanicis
1359 2364 1651 2426 militibus
1713 2366 2024 2430 Vitellium

218 2463 442 2523 infesto
483 2461 608 2521 ictu
648 2481 758 2539 per
796 2461 963 2534 iram,
995 2461 1092 2522 vel
1135 2482 1253 2540 quo
1294 2463 1586 2523 maturius
1675 2509 1810 2549 „mm
1832 2510 1886 2559 os
1905 2511 2026 2552 md·
2052 2492 2112 2546 35

220 2560 484 2621 ludibrio
555 2559 862 2633 eximeret,
935 2579 1012 2619 an
1094 2559 1406 2620 tribunum
1488 2561 1586 2621 ad·
1628 2559 1726 2599 “¹⁴⁸-

220 2657 484 2737 petierit,
535 2656 600 2715 in
644 2657 870 2717 incerto
923 2656 1081 2717 fuit:
1152 2678 1356 2718 aurem
1409 2658 1638 2719 tribuni
1693 2664 2027 2741 amputavit

222 2775 292 2816 ac
320 2755 528 2814 statim
556 2754 860 2814 confossus
889 2761 993 2815 est.

305 2850 616 2911 LXXXV.
704 2850 1020 2912 Vitellium
1059 2850 1294 2911 infestis
1334 2855 1717 2915 mucronibus
1758 2865 2026 2918 coactum
2053 2869 2130 2934 85

224 2948 408 3009 modo
438 2948 665 3026 erigere
694 2968 758 3008 os
801 2954 864 3008 et
904 2950 1084 3009 offere
1125 2951 1517 3027 contumeliis,
1547 2973 1706 3013 nunc
1749 2956 2027 3017 cadentes

226 3053 457 3106 statuas
485 3064 637 3119 suas,
662 3044 1013 3124 plerumque
1029 3053 1222 3106 rostra
1249 3055 1355 3108 aut
1382 3049 1605 3110 Galbae
1633 3051 1808 3111 occisi
1835 3053 2029 3115 locum

227 3142 517 3215 contueri,
568 3148 872 3219 postremo
914 3142 992 3201 ad
1042 3142 1382 3215 Gemonias,
1431 3145 1536 3204 ubi
1578 3167 1788 3225 corpus
1834 3151 2028 3213 Flavii

229 3239 441 3301 Sabini
480 3238 758 3310 iacuerat,
803 3237 1134 3316 propulere.
1240 3260 1359 3299 una
1399 3261 1520 3300 vox
1559 3263 1680 3302 non
1722 3244 2030 3322 degeneris
2057 3277 2086 3329 5

227 3336 416 3397 animi
446 3343 713 3408 excepta,
744 3355 880 3394 cum
915 3334 1161 3393 tribuno
1189 3335 1504 3394 insultanti
1533 3356 1595 3394 se
1624 3344 1824 3396 tamen
1850 3341 2031 3416 impe-
