2261 3684
736 212 1190 274 HISTORIAR
1204 211 1332 273 UM
1367 212 1523 272 LIB.
1569 210 1677 273 IV.
1996 212 2101 270 111

294 391 333 430 a
380 373 651 450 Vitellio,
698 373 914 435 deinde
963 374 1027 432 in
1076 380 1276 453 partes
1326 373 1677 451 Vespasiani
1723 380 2107 452 transgressa.

294 479 573 547 praeerat
615 471 806 532 Iulius
833 471 1213 550 Briganticus
1256 491 1455 531 sorore
1499 470 1712 532 Civilis
1751 471 2005 550 genitus,
2037 477 2108 530 ut

295 566 489 628 ferme
517 571 801 629 acerrima
842 569 1255 647 proximorum
1297 568 1433 628 odia
1474 574 1617 628 sunt
1658 569 1886 628 invisus
1929 588 2109 627 avun-

297 663 435 724 culo
463 664 863 744 infensusque.
970 665 1163 725 Tutor
1201 665 1596 726 Treverorum
1638 666 1851 744 copias,
1885 667 2107 726 recenti
2140 688 2195 741 15

299 761 702 841 Vangionum,
735 763 1164 836 Caeracatium,
1208 762 1596 823 Tribocorum
1640 762 1864 822 dilectu
1905 770 2108 823 auctas

297 866 587 920 veterano
627 860 831 939 pedite
876 867 1058 938 atque
1104 861 1305 938 equite
1344 861 1624 933 firmavit,
1668 861 1961 938 corruptis
2003 880 2107 939 spe

298 963 408 1017 aut
451 965 619 1018 metu
660 958 922 1018 subactis
971 957 1347 1036 legionariis3
1397 958 1500 1036 qui
1547 958 1743 1036 primo
1795 958 2108 1018 cohortem

297 1055 686 1132 praemissam
706 1076 743 1114 a
771 1055 1025 1115 Sextilio
1055 1054 1251 1115 Felice
1279 1055 1662 1128 interficiunt,
1758 1098 1903 1145 Desa,
1916 1098 2108 1147 „sm

296 1171 446 1210 mox
498 1152 604 1212 ubi
660 1151 838 1212 duces
894 1151 1310 1230 exercitusque
1358 1151 1665 1212 Romanus
1705 1151 1753 1187 α*
1769 1148 1947 1197 Binum.
2132 1177 2198 1214 20

297 1249 800 1327 propinquabant,
859 1249 1111 1309 honesto
1181 1249 1515 1328 transfugio
1583 1248 1830 1322 rediere,
1888 1249 2106 1309 secutis

297 1344 571 1405 Tribocis
629 1345 1158 1424 Vangionibusque
1228 1352 1290 1405 et
1359 1344 1792 1406 Caeracatibus.
1918 1344 2108 1405 Tutor

297 1441 577 1502 Treveris
630 1442 1072 1516 comitantibus,
1130 1442 1326 1503 vitato
1375 1442 1776 1521 Mogontiaco,
1820 1442 2107 1521 Bingium

296 1539 605 1613 concessit,
649 1537 840 1599 fidens
893 1539 1039 1612 loco,
1085 1540 1227 1617 quia
1280 1546 1528 1618 pontem
1582 1538 1789 1599 Navae
1844 1540 2106 1601 fluminis

296 1637 637 1714 abruperat,
701 1636 807 1697 sed
875 1637 1116 1696 incursu
1186 1636 1536 1711 cohortium,
1606 1656 1754 1714 quas
1817 1636 2105 1697 Sextilius
2131 1655 2193 1709 25

297 1733 570 1806 ducebat,
628 1741 691 1794 et
750 1740 987 1812 reperto
1054 1732 1211 1792 vado
1273 1733 1546 1811 proditus
1623 1734 1922 1812 fususque.
2036 1755 2106 1795 ea

296 1830 464 1892 clade
506 1830 761 1909 perculsi
801 1830 1061 1904 Treveri,
1121 1837 1184 1891 et
1225 1829 1429 1908 plebes
1478 1830 1710 1891 omissis
1766 1831 1945 1892 armis
1999 1854 2106 1910 per

296 1949 469 2007 agros
510 1928 781 2007 palatur:
824 1928 1069 2005 quidam
1109 1928 1464 2006 principum,
1512 1935 1582 1987 ut
1622 1929 1801 2006 primi
1837 1929 2104 2007 posuisse

295 2025 522 2085 bellum
590 2024 954 2099 viderentur,
1026 2024 1092 2084 in
1169 2024 1460 2097 civitates,
1537 2045 1689 2103 quae
1759 2026 2102 2087 societatem

296 2122 631 2181 Romanam
703 2140 828 2180 non
902 2127 1208 2192 exuerant,
1280 2121 1603 2200 perfugere.
1721 2121 1986 2201 legiones
2068 2145 2104 2184 a
2129 2143 2194 2193 30

296 2217 596 2278 Novaesio
644 2218 971 2295 Bonnaque
1011 2218 1077 2276 in
1132 2217 1440 2289 Treveros,
1482 2224 1551 2278 ut
1593 2238 1773 2297 supra
1820 2239 2103 2280 memora-

295 2316 510 2388 vimus,
543 2314 856 2374 traductae
884 2333 946 2373 se
974 2314 1139 2392 ipsae
1167 2314 1232 2374 in
1253 2314 1438 2375 verba
1459 2315 1812 2394 Vespasiani
1831 2315 2096 2396 adigunt.

295 2412 443 2472 haec
484 2410 816 2471 Valentino
862 2411 1109 2471 absente
1149 2419 1358 2490 gesta;
1418 2411 1524 2489 qui
1577 2412 1683 2472 ubi
1738 2412 2101 2475 adventabat

295 2509 502 2568 furens
546 2515 876 2585 cunctaque
919 2527 1124 2567 rursus
1180 2508 1246 2567 in
1286 2509 1494 2568 turbas
1543 2516 1604 2569 et
1659 2510 1914 2570 exitium
1969 2533 2102 2572 con-

294 2624 593 2679 versurus,
649 2604 907 2681 legiones
963 2604 1029 2664 in
1084 2603 1586 2677 Mediomatricos,
1634 2606 1854 2666 sociam
1898 2607 2102 2669 civita-
2128 2627 2189 2680 35

295 2711 437 2775 tem,
462 2703 793 2762 abscessere
815 2724 829 2761 t
857 2701 1220 2761 Valentinus
1241 2723 1308 2762 ac
1329 2702 1521 2762 Tutor
1541 2703 1606 2763 in
1627 2724 1792 2763 arma
1811 2703 2100 2767 Treveros

293 2799 627 2871 retrahunt,
672 2798 877 2858 occisis
922 2798 1230 2859 Herennio
1272 2819 1339 2859 ac
1381 2799 1660 2860 Numisio
1708 2800 1934 2879 legatiS,
1980 2823 2101 2881 quo

293 2896 525 2956 minore
553 2914 658 2973 spe
686 2895 895 2954 veniae
924 2902 1211 2955 cresceret
1239 2895 1547 2955 vinculum
1576 2898 1826 2957 sceleris.

373 2992 597 3052 LXXI.
645 2991 763 3051 Hic
802 2991 945 3052 belli
986 2998 1181 3051 status
1210 3001 1354 3065 erat,
1387 3013 1522 3053 cum
1564 2994 1816 3055 Petilius
1851 2995 2098 3059 Cerialis
2124 3002 2202 3067 71

293 3089 746 3170 Mogontiacum
774 3088 955 3148 venit.
1044 3089 1172 3148 eius
1201 3089 1465 3149 adventu
1494 3099 1722 3151 erectae
1752 3112 1886 3170 spes
1907 3117 1924 3169 3
1973 3096 2098 3174 ipse

292 3207 529 3268 pugnae
558 3185 772 3246 avidus
814 3192 875 3246 et
918 3186 1371 3246 contemnendis
1402 3207 1581 3265 quam
1609 3189 1890 3250 cavendis
1918 3192 2098 3252 hosti-

292 3287 405 3346 bus
433 3283 659 3357 melior,
690 3282 909 3343 ferocia
935 3284 1252 3343 verborum
1295 3284 1550 3344 militem
1590 3285 1963 3363 incendebat,
1993 3290 2096 3350 ubi
