2261 3684
209 259 235 316 l
253 258 324 314 12
744 255 1135 316 CORNELII
1175 257 1280 316 ΤΑ
1291 257 1378 317 01
1373 257 1460 317 TI

145 427 173 481 5
198 418 459 496 primum
520 417 799 496 congredi
859 420 1138 491 licuisset,
1196 419 1423 479 nullam
1484 419 1710 497 proelio
1772 437 2004 478 moram

197 516 477 575 facturus.
565 514 817 575 dilectus
863 536 975 594 per
1027 516 1287 577 Galliam
1336 515 1571 576 habitos
1612 517 1676 575 in
1726 517 2005 575 civitates

197 612 454 672 remittit
496 632 563 671 ac
590 613 869 672 nuntiare
911 613 1078 673 iubet
1120 614 1384 673 sufficere
1412 613 1661 692 imperio
1700 612 2004 691 legiones:

196 709 340 769 socii
388 709 464 769 ad
507 710 712 768 munia
759 710 920 787 pacis
968 709 1236 770 redirent
1286 711 1475 770 securi
1518 710 1684 770 velut
1732 709 2004 770 confecto

195 806 371 881 bello,
422 806 584 885 quod
628 805 934 867 Romanae
977 827 1190 867 manus
1240 808 1628 886 excepissent.
1715 808 1887 868 auxit
1932 826 2004 866 ea

114 924 173 960 ιο
195 924 289 964 res
352 903 664 964 Gallorum
727 904 1117 982 obsequium:
1182 925 1323 965 nam
1384 912 1623 984 recepta
1682 906 2002 965 iuventute

194 1000 428 1061 facilius
469 1000 702 1060 tributa
743 1000 1088 1076 toleravere,
1119 1002 1429 1080 proniores
1471 1002 1547 1061 ad
1589 1002 1794 1075 officia,
1837 1000 2002 1079 quod

197 1099 641 1176 spernebantur.
741 1104 805 1156 at
860 1096 1070 1158 Civilis
1127 1104 1191 1157 et
1244 1096 1541 1158 Classicus
1597 1098 1703 1158 ubi
1757 1098 2001 1176 pulsum

196 1196 499 1268 Tutorem,
546 1213 745 1254 caesos
784 1194 1091 1269 Treveros,
1141 1201 1354 1255 cuncta
1395 1195 1668 1255 hostibus
1715 1214 2003 1274 prospera

248 1353 421 1392 Ceriali,
442 1353 597 1402 dmm
636 1310 930 1368 accepere,
987 1291 1208 1369 trepidi
1263 1311 1330 1351 ac
1391 1299 1793 1370 properantes»,
1854 1290 2001 1351 dum

114 1407 170 1461 15
199 1404 455 1493 ιιῗειιεῇεέὗιῶι
504 1404 596 1442 ami
636 1387 932 1464 dispersas
1020 1407 1263 1448 suorum
1345 1389 1542 1467 copias
1636 1388 1996 1464 conducunt,

448 1482 460 1493 ⁰
636 1485 856 1545 crebris
945 1485 1191 1545 interim
1279 1485 1508 1545 nuntiis
1604 1486 1997 1546 Valentinum

194 1599 493 1653 monuere,
564 1600 639 1640 ne
703 1601 968 1641 summae
1030 1582 1116 1642 rei
1185 1582 1516 1660 periculum
1584 1582 1820 1643 faceret.
1928 1603 1999 1643 eo

195 1677 459 1754 rapidius
543 1676 809 1750 Cerialis,
889 1678 1087 1739 missis
1171 1679 1236 1738 in
1316 1679 1803 1740 Mediomatricos
1892 1681 1998 1759 qui

195 1774 463 1834 breviore
503 1775 716 1836 itinere
764 1775 1027 1855 legiones
1082 1776 1147 1836 in
1201 1776 1435 1837 hostem
1484 1784 1804 1851 verterent,
1864 1798 2000 1838 con·

108 1898 171 1934 20
194 1879 386 1931 tracto
441 1873 602 1951 quod
656 1880 785 1933 erat
845 1873 1106 1933 militum
1161 1874 1530 1953 Mogontiaci
1585 1883 1998 1954 quantumque

194 1990 393 2029 secum
434 1976 863 2042 transvexerat,
904 1971 1100 2030 tertiis
1144 1971 1353 2031 castris
1396 1970 1762 2050 Rigodulum
1805 1972 1995 2045 venit,

196 2088 375 2146 quem
428 2067 625 2127 locum
672 2088 889 2147 magna
943 2068 1342 2129 Treverorum
1397 2089 1580 2128 manu
1637 2068 1997 2130 Valentinus

194 2165 511 2236 insederat,
555 2166 861 2225 montibus
902 2174 1008 2225 aut
1056 2165 1314 2226 Mosella
1362 2186 1537 2226 amne
1578 2174 1889 2245 saeptum3
1935 2174 1999 2227 et

195 2261 509 2322 addiderat
549 2262 735 2322 fossas
777 2262 1091 2340 obicesque
1124 2283 1419 2322 saxorum.
1505 2283 1613 2323 nec
1654 2263 1996 2324 deterruere

107 2382 168 2436 25
196 2380 265 2420 ea
304 2359 678 2419 munimenta
705 2358 1045 2419 Romanum
1088 2359 1318 2433 ducem,
1349 2380 1468 2438 quo
1496 2361 1694 2420 minus
1728 2361 1994 2438 peditem

193 2477 572 2536 perrumpere
599 2457 849 2531 iuberet,
876 2457 1150 2535 equitum
1173 2456 1360 2517 aciem
1387 2457 1451 2517 in
1481 2457 1691 2518 collem
1719 2459 1991 2538 erigeret,

192 2562 392 2633 spreto
432 2554 621 2628 hoste,
668 2574 847 2633 quem
895 2561 1121 2615 temere
1170 2553 1485 2614 collectum
1525 2554 1687 2614 haud
1735 2556 1822 2615 ita
1863 2555 1993 2617 loco

191 2653 402 2724 iuvari,
450 2660 518 2712 ut
571 2671 693 2711 non
749 2651 883 2730 plus
939 2651 1061 2710 suis
1109 2652 1174 2710 in
1224 2652 1450 2711 virtute
1492 2652 1662 2712 foret.
1747 2653 1994 2732 paulum

192 2771 390 2811 morae
444 2750 510 2810 in
564 2748 868 2823 adscenw,
927 2748 1074 2808 dum
1128 2748 1380 2808 missilia
1435 2749 1699 2809 hostium
1754 2771 1995 2829 praeve-

103 2866 169 2916 30
192 2850 454 2909 huntur:
496 2853 567 2907 ut
593 2852 845 2906 ventum
881 2846 946 2906 in
979 2866 1208 2919 manus,
1242 2846 1545 2906 deturbati
1576 2847 1783 2906 ruinae
1812 2848 1992 2909 modo

189 2945 674 3026 praecipitantur.
742 2950 803 3003 et
830 2963 966 3020 pars
995 2944 1268 3021 equitum
1306 2944 1685 3022 aequioribus
1713 2945 1867 3023 iugis
1887 2946 1993 3005 cir-

190 3050 497 3104 cumvecta
564 3040 965 3101 nobilissimos
1034 3039 1372 3118 Belgarum,
1438 3040 1503 3099 in
1573 3041 1707 3118 quis
1775 3041 1989 3102 ducem

188 3141 598 3212 Valentinum,
629 3137 802 3215 cepit.

82 3227 163 3291 72
268 3236 523 3296 LXXII.
569 3234 818 3295 Cerialis
844 3241 1084 3311 postero
1125 3234 1223 3293 die
1261 3233 1555 3293 coloniam
1591 3234 1989 3296 Treverorum

184 3334 486 3409 ingressus
528 3335 636 3399 est,
680 3330 856 3388 avido
897 3329 1089 3388 milite
1132 3329 1428 3389 eruendae
1470 3330 1748 3391 civitatis.
1833 3332 1988 3393 hanc
