2261 3684
628 201 1222 263 HISTORIARUM
1261 202 1418 262 LIB.
1462 202 1571 262 IV.
1889 201 1998 260 121

203 382 377 423 caeco
432 362 656 424 reluxit
710 363 853 424 dies,
953 371 1275 441 utrumque
1331 364 1433 441 qui
1472 363 1799 423 interfuere
1847 382 2006 422 nune

204 481 445 539 quoque
461 468 812 532 memorant,
823 467 1142 539 postquam
1160 460 1394 520 nullum
1410 459 1719 520 mendacio
1727 460 2002 538 pretium.

285 557 613 618 LXXXII.
658 558 861 617 Altior
900 557 1042 617 inde
1079 558 1447 637 Vespasiano
1490 557 1707 635 cupido
1747 557 2009 618 adeundi
2032 542 2113 607 82

206 676 432 715 sacram
477 655 696 730 sedem,
744 664 818 715 ut
865 675 1045 734 super
1099 656 1277 715 rebus
1344 655 1580 733 imperii
1641 655 2010 729 consuleret3

206 753 393 813 arceri
420 753 648 831 templo
677 759 923 812 cunctos
952 753 1136 812 iubet.
1180 759 1362 830 atque
1390 751 1692 830 ingressus
1720 752 2011 812 intentus-

208 869 326 928 que
379 849 615 910 numini
647 850 915 928 respexit
961 869 1117 926 pone
1162 857 1399 928 tergum
1438 869 1471 908 e
1507 850 1866 926 primoribus
1898 849 2011 910 Ae-

206 948 557 1026 gyptiorum
652 949 893 1011 nomine
975 946 1298 1021 Basiliden,
1390 967 1568 1025 quem
1660 1009 1716 1047 H,
1787 1009 1796 1019 ,
1826 1009 1894 1047 ,Η
1946 1009 1991 1047 m
2038 954 2066 1008 5

207 1044 415 1123 procul
511 1044 886 1104 Alexandria
978 1045 1242 1122 plurium
1335 1043 1570 1104 dierum
1613 1020 1867 1119 ιιτηῖιοωῗ]
1896 1019 2012 1098 οεονῗ

209 1141 423 1201 itinere
472 1149 534 1201 et
583 1161 760 1220 aegro
810 1161 1054 1220 corpore
1106 1141 1365 1202 detineri
1410 1141 1571 1201 haud
1611 1121 1723 1159 ἰμ’

208 1239 541 1317 ignorabat.
629 1245 1019 1316 percontatur
1100 1239 1452 1313 sacerdoteS,
1524 1259 1672 1298 num
1740 1237 1843 1297 illo
1912 1236 2011 1298 die

209 1336 500 1396 Basilides
528 1336 822 1414 templum
850 1337 1080 1408 inisset,
1110 1343 1499 1414 percontatur
1527 1336 1750 1420 obvios,
1772 1355 1918 1394 num
1946 1335 2012 1394 in

209 1434 355 1494 urbe
381 1434 544 1493 visus
586 1434 667 1493 sit
689 1456 706 1507 3
748 1433 1005 1512 denique
1033 1434 1229 1494 missis
1259 1434 1560 1513 equitibus
1589 1433 1877 1511 explorat,
1906 1431 2012 1492 illo
2044 1453 2103 1488 10

209 1531 496 1608 temporis
522 1537 828 1590 momento
850 1531 1155 1609 octoginta
1180 1531 1422 1591 milibus
1443 1550 1725 1609 passuum
1754 1530 1972 1590 afuisse
1999 1554 2011 1589 ε

209 1634 357 1687 tunc
411 1627 679 1687 divinam
736 1628 994 1705 speciem
1041 1634 1104 1687 et
1150 1628 1274 1687 vim
1328 1628 1597 1707 responsi
1645 1648 1721 1688 ex
1772 1628 2014 1688 nomine

206 1724 492 1784 Basilidis
519 1725 950 1802 interpretatus
979 1732 1084 1784 est.

290 1821 642 1882 LXXXIII.
688 1821 871 1901 Origo
928 1822 1024 1883 dei
1080 1821 1353 1883 nondum
1400 1823 1622 1883 nostris
1670 1821 2012 1883 auctoribus
2038 1833 2118 1898 83

209 1918 532 1979 celebrata:
560 1919 1002 1998 Aegyptiorum
1020 1921 1322 1981 antistites
1340 1921 1424 1981 sic
1447 1929 1797 1993 memorant,
1819 1921 2011 1981 Ptole-

207 2037 380 2077 maeo
432 2017 573 2096 regi,
633 2017 738 2095 qui
793 2017 1197 2078 Macedonum
1271 2019 1502 2096 primus
1556 2018 1823 2098 Aegypti
1869 2039 2011 2098 opes

208 2114 489 2188 firmavit,
550 2134 683 2175 cum
738 2114 1143 2175 Alexandriae
1197 2135 1403 2176 recens
1458 2116 1732 2177 conditae
1777 2118 2013 2178 moenia

208 2211 551 2290 templaque
579 2218 640 2271 et
667 2210 986 2290 religiones
1016 2211 1284 2286 adderet,
1317 2212 1586 2273 oblatum
1613 2234 1723 2292 per
1748 2216 2008 2293 quietem
2039 2244 2067 2298 5

208 2308 422 2369 decore
444 2308 663 2369 eximio
691 2314 752 2369 et
779 2310 1002 2369 maiore
1021 2330 1200 2388 quam
1221 2310 1485 2370 humana
1501 2312 1694 2389 specie
1714 2312 2007 2386 iuvenem,

208 2407 319 2485 qui
346 2413 634 2479 moneret,
664 2414 736 2466 ut
763 2406 1067 2467 fidissimis
1109 2408 1437 2468 amicorum
1478 2408 1544 2468 in
1585 2410 1851 2470 Pontum
1878 2412 2013 2472 mis-

208 2505 292 2564 sis
321 2504 574 2582 effigiem
603 2523 769 2563 suam
788 2504 1039 2579 acciret;
1082 2503 1306 2565 laetum
1327 2504 1393 2564 id
1415 2525 1598 2584 regno
1616 2526 2010 2587 magnamque

209 2608 274 2661 et
327 2601 617 2661 inclutam
670 2601 868 2661 sedem
921 2601 1063 2675 fore,
1117 2622 1272 2680 quae
1320 2603 1576 2681 excepis-

208 2702 344 2758 set:
447 2697 624 2757 simul
692 2698 888 2757 visum
957 2698 1216 2759 eundem
1297 2700 1572 2760 iuvenem
1616 2667 1849 2777 02?ssssssss
1873 2677 1929 2766 gf
1946 2671 2012 2757 ιιιιω
2043 2733 2103 2770 10

208 2793 277 2853 in
386 2793 613 2853 caelum
712 2795 852 2872 igne
973 2794 1232 2873 plurimo
1354 2796 1566 2857 attolli.
1613 2768 1740 2817 ‘my'

210 2889 593 2968 Ptolemaeus
642 2892 840 2950 omine
889 2897 951 2950 et
996 2892 1284 2952 miraculo
1326 2894 1558 2953 excitus
1606 2893 2012 2954 sacerdotibus

209 2989 666 3067 Aegyptiorum,
689 2988 908 3066 quibus
936 3008 1065 3048 mos
1106 2989 1256 3049 talia
1295 2989 1660 3070 intellegere,
1691 2997 2013 3052 nocturnos

208 3086 377 3145 visus
418 3086 625 3164 aperit.
713 3094 892 3163 atque
919 3086 1037 3145 illis
1066 3087 1249 3146 Ponti
1277 3095 1339 3146 et
1380 3095 1766 3149 externorum
1801 3110 2011 3167 parum

210 3183 435 3263 gnaris,
531 3183 916 3243 Timotheum
969 3183 1403 3244 Atheniensem
1460 3206 1492 3245 e
1546 3194 1725 3265 gente
1780 3187 2016 3247 Eumol·
2044 3215 2101 3269 15

209 3280 508 3360 pidarum,
535 3300 711 3358 quem
740 3287 808 3340 ut
836 3280 1171 3341 antistitem
1213 3282 1704 3343 caerimoniarum
1735 3284 2014 3345 Eleusine
