2261 3684
229 244 306 302 96
767 237 1165 304 CORNELII
1202 244 1310 303 ΤΑ
1320 244 1405 303 CI
1403 244 1489 304 TI

139 414 203 464 30
227 423 406 482 quam
440 404 577 482 vagi
618 424 725 481 per
766 404 1063 465 inaccessa
1104 406 1427 485 mapalium
1469 405 1854 466 ulterioribus
1893 393 2040 465 'ven-

225 500 518 561 diderant.

119 587 198 650 51
306 597 405 658 LI.
452 598 541 658 At
568 598 938 677 Vespasiano
978 608 1116 678 post
1159 600 1620 661 Cremonensem
1660 620 1926 679 pugnam
1970 606 2039 659 et

228 716 536 776 prosperos
579 695 843 774 undique
886 697 1134 757 nuntios
1176 697 1456 758 cecidisse
1499 697 1811 758 Vitellium
1852 695 2033 756 multi

282 836 510 885 yma„
573 837 624 876 ὴ
667 794 953 872 cuiusque
996 794 1243 865 ordiniS,
1289 795 1417 873 pari
1467 795 1712 855 audacia
1766 794 2037 854 fortuna-

224 888 289 927 m
306 888 420 927 ΒΜ·
662 910 778 968 que
806 891 1126 951 hibernum
1155 912 1317 952 mare
1346 891 1627 971 adgressi,
1653 891 2026 952 nuntiavere.

166 998 196 1053 5
222 987 473 1048 aderant
513 987 696 1066 legati
737 988 892 1066 regis
926 987 1208 1067 Vologesi
1251 989 1649 1068 quadraginta
1686 989 1850 1048 milia
1891 988 2033 1048 Par-

221 1084 465 1144 thorum
507 1085 778 1162 equitum
817 1087 1148 1146 offerentes.
1262 1087 1643 1166 magnificum
1683 1086 2032 1163 laetumque

221 1182 408 1242 tantis
436 1181 731 1241 sociorum
752 1181 993 1273 auxiliis
1015 1182 1230 1243 ambiri
1250 1202 1443 1260 neque
1464 1182 1731 1261 indigere
1759 1205 1773 1241 ι
1798 1182 2032 1260 gratiae

220 1277 514 1358 Vologeso
551 1287 716 1338 actae
751 1279 1237 1357 mandatumque,
1267 1286 1339 1339 ut
1379 1279 1607 1358 legatos
1647 1278 1724 1338 ad
1752 1285 2031 1339 senatum

220 1376 489 1436 mitteret
518 1384 579 1436 et
606 1396 813 1455 pacem
842 1396 968 1437 esse
997 1377 1188 1437 sciret.
1276 1376 1679 1456 Vespasianus
1699 1377 1764 1435 in
1786 1375 2030 1435 Italiam

137 1489 196 1525 10
220 1492 430 1551 resque
457 1473 622 1532 urbis
649 1473 921 1533 intentus
950 1472 1262 1533 adversam
1304 1472 1379 1532 de
1416 1472 1763 1532 Domitiano
1804 1472 2029 1532 famam

220 1570 452 1648 accipit,
496 1577 805 1648 tamquam
850 1570 1139 1630 terminos
1186 1570 1403 1630 aetatis
1458 1577 1519 1629 et
1574 1590 1851 1630 concessa
1903 1569 2028 1629 filio

220 1668 640 1747 egrederetur:
709 1667 895 1746 igitur
949 1667 1380 1727 validissimam
1435 1667 1728 1727 exercitus
1792 1675 2028 1744 partem

220 1765 361 1825 Tito
390 1765 578 1824 tradit
606 1764 683 1824 ad
716 1764 943 1844 reliqua
972 1764 1203 1825 Iudaici
1231 1764 1374 1825 belli
1403 1764 1818 1845 perpetranda.

112 1863 192 1926 52
299 1863 431 1924 LII.
480 1863 702 1937 Titum,
762 1870 1085 1941 antequam
1141 1863 1571 1942 digrederetur,
1619 1862 1809 1922 multo
1864 1861 2026 1941 apud

217 1969 451 2040 patrem
492 1980 761 2020 sermone
803 1980 1000 2020 orasse
1038 1961 1259 2031 ferunt,
1289 1980 1366 2020 ne
1406 1960 1851 2020 criminantium
1878 1979 2027 2020 nun-

219 2059 322 2119 tiis
350 2067 573 2119 temere
602 2056 1023 2117 accenderetur
1050 2057 1470 2136 integrumque
1498 2077 1561 2117 se
1577 2078 1644 2117 ac
1672 2056 2024 2136 placabilem

218 2157 341 2216 filio
396 2161 740 2235 praestaret.
843 2174 964 2214 non
1021 2154 1301 2233 legioneS,
1352 2174 1474 2214 non
1522 2154 1736 2214 classes
1777 2154 2024 2232 perinde

163 2291 190 2344 5
274 2296 397 2335 Tum
448 2295 521 2344 lm
570 2294 621 2334 ἡ,
661 2251 832 2311 firma
855 2251 1088 2330 imperii
1111 2252 1489 2311 munimenta
1508 2272 1689 2330 quam
1705 2271 2023 2312 numerum

216 2347 369 2388 Juda-
658 2348 1018 2424 liberorum3
1046 2369 1184 2408 nam
1208 2349 1427 2409 amicos
1448 2356 1731 2427 tempore,
1762 2349 2020 2423 fortuna,

218 2446 597 2526 cupidinibus
640 2446 962 2525 aliquando
1004 2454 1110 2506 aut
1152 2447 1451 2507 erroribus
1498 2446 1791 2521 imminui,
1838 2453 2024 2506 trans·

216 2544 374 2617 ferri,
406 2543 675 2602 desinere
702 2566 714 2602 ε
772 2562 943 2602 suum
990 2542 1204 2619 cuique
1233 2543 1581 2621 sanguinem
1614 2542 2018 2616 indiscretum,

217 2643 320 2705 sed
377 2641 634 2701 maxime
688 2640 1075 2718 principibus.
1135 2659 1391 2717 quorum
1447 2640 1745 2718 prosperis
1800 2647 1862 2700 et
1920 2639 2022 2701 alii

133 2761 193 2797 ιο
215 2743 510 2811 fruantur,
568 2738 819 2797 adversa
881 2737 957 2797 ad
1012 2738 1415 2797 iunctissimos
1477 2738 1832 2817 pertineant.
1947 2759 2023 2798 ne

129 2865 134 2870 ·
217 2838 501 2898 fratribus
546 2835 793 2913 quidem
846 2854 1190 2894 mansuram
1235 2834 1629 2907 concordiam,
1687 2836 1754 2895 ni
1807 2856 2021 2914 parens

216 2935 557 3013 exemplum
625 2933 1010 3011 praebuisset.
1122 2931 1528 3010 Vespasianus
1595 2932 1760 2993 haud
1834 2953 2022 3011 aeque

218 3033 564 3093 Domitiano
594 3029 905 3108 mitigatus
934 3049 1114 3107 quam
1144 3029 1269 3088 Titi
1295 3029 1522 3107 pietate
1548 3029 1832 3107 gaudens,
1862 3030 2021 3091 bono

215 3151 340 3191 esse
396 3130 595 3189 animo
648 3127 818 3187 iubet
873 3126 1146 3205 belloque
1203 3133 1264 3187 et
1319 3127 1498 3186 armis
1552 3147 1681 3186 rem
1721 3127 2021 3206 publicam

131 3258 189 3310 15
214 3226 527 3286 attollere:
583 3224 696 3284 sibi
737 3243 943 3300 pacem
985 3223 1350 3301 domumque
1398 3243 1572 3282 curae
1618 3224 1761 3284 fore.
1888 3232 2020 3284 tum

215 3321 550 3382 celerrimas
604 3320 849 3379 navium
917 3320 1219 3382 frumento
1274 3327 1519 3380 onustas
1577 3340 1754 3383 saevo
1825 3322 2020 3384 'adhuc
