2261 3684
283 195 393 252 142
526 196 922 257 CORNELII
960 198 1246 257 TAGJTJ
1289 198 1486 258 HIST.
1532 197 1688 257 LIB.
1745 196 1805 255 V.

273 356 549 432 posuisse.
596 365 740 417 tunc
761 358 1023 419 infensos
1047 358 1291 418 Batavis
1314 358 1472 430 deos,
1497 378 1633 418 cum
1655 357 2080 417 obsiderentur

273 451 547 530 legiones,
573 455 1049 515 interficerentur
1066 456 1266 534 legati,
1287 456 1512 516 bellum
1530 456 1637 514 uni
1656 455 2074 527 necessarium,

270 547 450 609 ferale
491 550 637 628 ipsis
679 561 1025 612 sumeretur.
1142 560 1390 612 ventum
1434 552 1510 613 ad
1554 560 1840 623 extrema,
1884 553 1951 611 ni
1994 572 2079 612 re-

182 676 245 711 κο
270 646 545 725 sipiscere
572 649 863 728 incipiant
891 658 953 710 et
980 650 1150 710 noxii
1178 650 1391 728 capitis
1420 670 1612 729 poena
1639 650 2078 728 paenitentiam

267 744 586 808 fateantur.

163 849 244 913 26
351 841 577 903 XXVI.
626 843 767 903 Non
809 844 1024 904 fefellit
1067 844 1324 904 Civilem
1364 863 1436 905 ea
1475 844 1784 904 inclinatio
1822 852 1888 904 et
1912 863 2080 921 prae·

269 940 471 999 venire
499 942 730 1015 statuit,
756 961 932 1020 super
961 942 1227 1002 taedium
1250 941 1540 1002 malorum
1567 943 1750 1001 etiam
1770 961 1877 1019 spe
1895 941 2075 1014 vitae,

269 1057 419 1116 quae
473 1039 841 1117 plerumque’
880 1059 1126 1117 magnos
1189 1040 1420 1099 animos
1474 1039 1766 1117 infringit.
1877 1038 2077 1116 petito

308 1189 454 1229 avim
502 1202 525 1228 r
603 1203 668 1231 m
706 1135 1023 1214 conloquio
1092 1135 1390 1196 scinditur
1455 1136 1746 1196 Nabaliae
1809 1135 2079 1195 fluminis

213 1260 241 1315 5
268 1201 666 1331 ξίῗΐὲεέεἵῗαοε
706 1253 873 1311 pons,
914 1234 976 1292 in
1019 1234 1186 1292 cuius
1228 1233 1484 1311 abrupta
1525 1234 1820 1311 progressi
1872 1233 2074 1305 duces,

708 1338 769 1389 et
827 1330 1036 1389 Civilis
1090 1330 1180 1389 ita
1233 1330 1461 1407 coepit=
1534 1330 1615 1389 ‘si
1665 1328 1826 1408 apud
1888 1329 2079 1389 Vitel-

266 1423 493 1484 lianum
533 1425 799 1504 legatum
854 1427 1222 1499 defenderer,
1267 1446 1462 1505 neque
1517 1426 1673 1485 facto
1723 1445 1857 1485 meo
1899 1427 2080 1486 venia

268 1540 462 1600 neque
530 1523 706 1584 dictis
781 1524 928 1584 fides
999 1523 1371 1598 debebatur;
1453 1532 1667 1583 cunct-a
1737 1523 1900 1582 inter
1966 1543 2079 1583 nos

268 1618 546 1679 inimica:
607 1620 853 1682 hostilia
893 1621 970 1682 ab
1011 1621 1117 1682 illo
1160 1629 1385 1700 coepta,
1432 1641 1467 1680 a
1507 1641 1603 1680 me
1646 1619 1820 1680 aucta
1862 1628 2077 1680 erant:

186 1748 245 1783 10
269 1737 408 1796 erga
462 1717 895 1797 Vespasianum
950 1727 1123 1780 vetus
1177 1719 1326 1779 mihi
1381 1719 1777 1791 observantia,
1822 1725 1887 1777 et
1940 1738 2079 1777 cum
2183 1778 2187 1781 .

272 1816 539 1894 privatus
569 1825 739 1891 esset,
773 1817 946 1877 amici
974 1817 1352 1878 vocabamur.
1437 1816 1550 1877 hoc
1571 1815 1776 1877 Primo
1804 1816 2078 1877 Antonio

270 1921 500 1988 notum,
532 1914 699 1974 cuius
739 1914 1008 1992 epistulis
1042 1913 1117 1973 ad
1161 1914 1381 1974 bellum
1424 1922 1590 1973 actus
1632 1934 1782 1987 sum,
1813 1933 1892 1974 ne
1932 1913 2076 1974 Ger·

272 2011 537 2072 manicae
564 2012 829 2090 legiones
869 2019 930 2071 et
970 2011 1199 2071 Gallica
1235 2012 1517 2071 iuventus
1549 2011 1737 2089 Alpes
1776 2020 2077 2072 transcen-

270 2108 499 2169 derent.
586 2095 1069 2187 quae'Antonius
1099 2109 1387 2187 epistulis,
1419 2109 1800 2169 Hordeonius
1827 2109 2077 2170 Flaccus

186 2229 242 2282 15
270 2224 546 2282 praesens
599 2204 921 2264 monebat:
991 2224 1157 2264 arma
1209 2205 1274 2264 in
1330 2205 1652 2265 Germania
1699 2206 1876 2279 movi,
1922 2226 2078 2285 quae

270 2301 585 2360 Mucianus
625 2301 688 2359 in
734 2299 923 2370 Suria,
957 2300 1228 2377 Aponius
1267 2301 1331 2360 in
1365 2301 1612 2372 Moesia,
1642 2301 1966 2362 Flavianus
2010 2303 2074 2364 in

270 2397 578 2457 Pannonia
625 2399 657 2433 ¹²
704 2399 736 2431 '⁴
783 2398 818 2432 *
