2261 3684
607 297 1058 358 HISTORIAR
1071 298 1197 358 ΠΜ
1235 297 1388 357 LIB.
1443 294 1562 358 III.
1903 300 1977 357 45

171 457 417 531 milites,
492 459 1013 538 prospectantibus
1082 458 1267 518 etiam
1335 459 1592 532 feminis,
1663 478 1851 537 pauca
1919 466 1980 518 et
2011 480 2069 516 10

168 558 480 631 praesenti
530 556 866 616 maestitiae
915 556 1305 634 congruentia
1351 555 1605 631 locutus,
1655 555 1862 616 cedere
1918 576 1980 615 se

167 650 337 730 pacis
382 661 447 714 et
496 655 586 714 rei
631 654 901 732 publicae
947 653 1535 713 causa—retinerent
1580 661 1819 713 tantum
1866 673 1983 713 me-

164 750 432 810 moriam
507 751 599 810 sui
654 751 1020 828 fratremque
1076 758 1138 810 et
1195 751 1505 828 coniugem
1560 757 1621 809 et
1674 750 1983 810 innoxiam

161 845 506 908 liberorum
591 854 849 908 aetatem
932 848 1453 919 miserarentur—,
1536 847 1713 906 simul
1793 846 1982 907 filium

156 944 563 1022 protendens,
637 944 814 1004 modo
883 944 1136 1022 singulis
1204 944 1384 1003 modo
1452 945 1747 1004 universis
1829 964 1982 1004 com·
2011 964 2069 1018 15

156 1040 485 1114 mendans,
556 1050 857 1122 postremo
925 1042 1073 1102 fletu
1154 1041 1579 1119 praepediente
1663 1040 1979 1101 adsistenti

156 1138 408 1197 consuli
438 1139 756 1217 (Caecilius
802 1139 1070 1217 Simplex
1121 1138 1275 1216 erat)
1324 1138 1666 1198 exsolutum
1716 1159 1750 1198 a
1793 1138 1980 1198 latere

155 1235 520 1313 pugionem,
550 1236 715 1296 velut
759 1236 851 1296 ius
894 1237 1055 1295 necis
1081 1236 1361 1313 vitaeque
1405 1235 1640 1308 civium,
1672 1235 1974 1295 reddebat.

157 1340 536 1409 aspernante
591 1332 846 1406 consule,
898 1332 1357 1392 reclamantibus
1414 1333 1518 1410 qui
1572 1332 1636 1390 in
1705 1332 1980 1393 contione

159 1428 556 1503 adstiterant,
587 1437 659 1489 ut
686 1429 751 1489 in
780 1429 926 1490 aede
955 1429 1326 1491 Concordiae
1372 1429 1675 1509 positurus
1719 1429 1979 1508 insignia
2003 1453 2070 1490 20

158 1526 412 1605 imperii
441 1526 806 1605 domumque
833 1527 1037 1586 fratris
1073 1526 1374 1604 petiturus
1420 1525 1703 1586 discessit.
1790 1527 1979 1587 maior

158 1623 313 1683 hinc
344 1624 568 1684 clamor
594 1624 1015 1684 obsistentium
1042 1624 1360 1702 penatibus
1405 1623 1671 1701 privatis,
1704 1624 1766 1682 in
1813 1624 1979 1685 Pala·

162 1722 330 1781 tium
352 1721 714 1781 vocantium.
804 1720 1193 1781 interclusum
1214 1719 1378 1780 aliud
1399 1721 1530 1793 iter,
1556 1719 1739 1799 idque
1760 1721 1972 1795 solum,

164 1838 292 1897 quo
339 1818 404 1878 in
450 1838 676 1879 sacram
701 1817 860 1879 viam
906 1824 1200 1897 pergeret,
1248 1818 1531 1897 patebat:
1573 1826 1706 1878 tum
1747 1819 1974 1880 consilii

163 1918 348 1995 inops
376 1917 441 1974 in
469 1915 769 1976 Palatium
798 1915 993 1975 rediit.
2002 1937 2064 1991 25

142 2013 221 2022 ⁴*
248 2005 476 2074 LXIX.
524 2013 922 2074 Praevenerat
949 2033 1156 2073 rumor
1183 2013 1400 2073 eiurari
1429 2015 1504 2073 ab
1534 2015 1969 2116 eozimperium,
2001 2020 2080 2084 69

165 2111 606 2190 scripseratque
644 2109 889 2169 Flavius
924 2109 1187 2170 Sabinus
1228 2110 1565 2170 cohortium
1601 2112 1874 2186 tribuniS,
1905 2122 1973 2174 ut

164 2208 427 2268 militem
490 2208 853 2268 cohiberent.
963 2206 1152 2285 igitur
1218 2214 1525 2286 tamquam
1594 2209 1787 2268 omnis
1875 2230 1971 2270 res

164 2306 413 2384 publica
476 2305 541 2365 in
607 2303 960 2383 Vespasiani
1028 2304 1226 2364 sinum
1288 2305 1610 2379 cecidisset,
1682 2306 1971 2383 primores

164 2409 413 2463 senatus
439 2409 502 2463 et
528 2402 797 2481 plerique
839 2402 1130 2480 equestris
1176 2401 1403 2461 ordinis
1446 2402 1758 2480 omnisque
1800 2404 1970 2465 miles
2000 2424 2028 2478 5

163 2501 436 2560 urbanus
462 2507 525 2560 et
559 2499 772 2578 vigiles
810 2498 1055 2559 domum
1092 2498 1287 2558 Flavii
1327 2498 1535 2558 Sabini
1577 2499 1965 2578 complevere.

163 2596 310 2656 illuc
328 2595 405 2656 de
424 2596 641 2657 studiis
661 2595 827 2674 vulgi
847 2603 909 2656 et
925 2595 1104 2654 minis
1120 2594 1611 2655 Germanicarum
1631 2597 1969 2656 cohortium

163 2695 454 2755 adfertur.
569 2692 803 2772 longius
869 2693 992 2752 iam
1058 2712 1404 2770 progressus
1459 2700 1604 2764 erat,
1665 2713 1845 2771 quam
1905 2701 1974 2755 ut

164 2790 402 2871 regredi
425 2797 626 2868 posset
649 2812 667 2864 3
708 2796 769 2849 et
789 2808 896 2848 suo
915 2789 1167 2867 quisque
1184 2796 1368 2862 metu,
1388 2807 1464 2848 ne
1487 2789 1971 2880 disiectosseoque

164 2889 369 2949 minus
413 2886 641 2946 validos
682 2885 996 2946 Vitelliani
1039 2891 1538 2960 consectarentur,
1592 2894 1972 2948 cunctantem
2005 2915 2064 2951 10

163 2986 231 3045 in
275 3003 441 3043 arma
481 2981 883 3064 inpellebant:
949 2982 1054 3041 sed
1096 2979 1258 3059 quod
1300 2983 1364 3041 in
1406 2984 1532 3043 eius
1624 3024 1973 3065 Sahinmiacom·

166 3080 334 3141 modi
379 3080 557 3139 rebus
597 3079 831 3150 accidit,
875 3078 1191 3139 consilium
1232 3079 1307 3138 ab
1350 3080 1533 3139 omni·
1564 3075 1975 3175 ssisslj‘ssfflfflgagz

167 3179 282 3238 bus
322 3177 534 3237 datum
575 3184 683 3247 est,
726 3175 1054 3254 periculum
1110 3176 1284 3253 pauci
1339 3196 1534 3253 sump-
1575 3174 1648 3213 ‘⁰‘-

167 3295 309 3336 sere.
439 3275 593 3334 circa
660 3273 854 3333 lacum
922 3271 1204 3331 Fundani
1285 3272 1784 3331 descendentibus
1868 3277 1971 3350 qui

169 3373 455 3435 Sabinum
515 3371 955 3431 comitabantur
1010 3367 1255 3427 armatis
1322 3372 1643 3425 occurrunt
1710 3375 1972 3441 prompt-
2002 3388 2061 3439 15
