2261 3684
245 253 321 310 28
782 250 1180 311 CORNELII
1214 251 1321 311 TA
1331 251 1497 311 GJTI
2071 299 2102 309 „J
2181 220 2208 293 C

2051 307 2138 358 s

241 411 595 472 adversante
623 359 828 569 vento]
834 420 1075 490 portum
1097 412 1375 473 Herculis
1398 413 1675 473 Monoeci
1703 334 2043 494 depellieffln

242 509 403 569 haud
458 510 663 587 procul
718 510 781 569 in
826 530 859 570 e
914 510 1130 588 agebat
1182 511 1412 570 Marius
1465 510 1743 569 Maturus
1797 508 2049 587 Alpium

158 630 218 666 10
244 606 676 666 maritimarum
719 614 1080 685 procurator,
1133 607 1287 666 fidus
1331 605 1597 680 Vitellio,
1648 607 1815 665 cuius
1859 624 2051 665 sacrae

242 698 518 779 mentumf
541 704 770 763 cunctis
799 704 952 763 circa
978 676 1310 848 hostilibus}
1330 703 1598 764 nondum
1641 709 1907 786 exuerat.
1994 702 2047 761 is

242 800 561 861 Valentem
623 802 872 862 comiter
939 809 1275 879 exceptum,
1345 821 1421 861 ne
1490 800 1748 861 Galliam
1817 799 1877 858 N
1879 799 2047 859 arbo-

244 917 486 958 nensem
516 906 738 958 temere
767 898 1198 976 ingrederetur,
1230 897 1530 958 monendo
1571 898 1824 971 terruit;
1867 895 2049 955 simul

242 1003 574 1055 ceterorum
601 995 750 1056 fides
777 1003 945 1056 metu
973 992 1558 1056 infractaw¹fflae
1584 1018 1591 1030 ·

136 1086 218 1150 43
325 1092 553 1152 XLIII.
599 1092 878 1171 Namque
922 1094 1327 1153 circumiectas
1375 1092 1647 1153 civitates
1696 1096 2049 1170 procurator

243 1189 519 1250 Valerius
575 1190 878 1264 Paulinus,
932 1198 1211 1250 strenuus
1257 1190 1507 1270 militiae
1531 1262 1538 1270 ,
1563 1197 1624 1249 et
1677 1188 2047 1266 Vespasiano

243 1294 383 1347 ante
451 1288 752 1347 fortunam
830 1288 1071 1360 amicus,
1137 1288 1208 1369 jn
1254 1261 1660 1348 *ww
1728 1285 2047 1362 adegerat3

244 1384 606 1463 concitisque
635 1385 926 1458 omnibus,
960 1385 1063 1462 qui
1094 1352 1464 1445 mu
1491 1405 1527 1444 a
1545 1383 1791 1444 Vitellio
1818 1382 2048 1443 bellum

189 1500 217 1553 5
244 1489 458 1559 sponte
513 1482 845 1554 sumebant,
902 1481 1373 1542 Foroiuliensem
1428 1481 1737 1553 coloniam,
1788 1478 2050 1540 claustra

243 1579 440 1650 maris,
492 1577 787 1656 praesidio
843 1579 1141 1651 tuebatur,
1194 1598 1264 1638 eo
1318 1577 1556 1656 graffior
1609 1583 1830 1650 auctor,
1881 1575 2046 1653 quod

243 1675 497 1736 Paulino
520 1675 715 1753 patria
734 1675 959 1735 Forum
988 1675 1105 1736 Iuli
1137 1684 1199 1736 et
1218 1676 1408 1736 honos
1437 1675 1595 1753 apud
1616 1674 2045 1753 praetorianOS,

244 1794 499 1853 quorum
553 1772 856 1851 quondam
911 1772 1191 1833 tribunus
1256 1773 1468 1847 fuerat,
1527 1772 1758 1851 ipsique
1826 1772 2047 1851 pagani

228 1859 447 1954 sfavore
503 1851 877 1954 municipalil
903 1878 966 1931 et
1019 1872 1259 1931 futurae
1320 1872 1625 1949 potentiae
1680 1890 1784 1954 spe
1838 1870 2048 1930 iuvare

161 1990 220 2025 10
244 1978 445 2048 partes
472 1968 911 2029 adnitebantur.
999 1990 1150 2047 quae
1191 1933 1281 2083 ut}
1302 1975 1515 2046 paratu
1555 1965 1734 2027 firma³
1767 1974 1829 2027 et
1869 1975 2050 2027 aucta

244 2089 482 2144 rumore
509 2067 666 2146 apud
688 2068 883 2128 varios
904 2066 1231 2127 Vitelliano
1395 2067 1624 2160 animos
1650 2066 2044 2152 increbruerQ

245 2167 467 2227 Fabius
494 2165 719 2225 Valens
762 2185 895 2224 cum
937 2173 1225 2243 quattuor
1235 2087 1746 2243 ngssssissatofibfiff
1762 2143 1825 2223 et
1851 2164 2049 2224 tribus

245 2264 466 2334 amicis,
514 2263 768 2323 totidem
817 2262 1280 2335 centurionibuS,
1333 2261 1410 2321 ad
1450 2281 1631 2321 naves
1672 2259 2047 2339 regreditur3

245 2362 487 2422 Maturo
531 2359 860 2437 ceterisque
901 2378 1206 2418 remanere
1254 2366 1317 2418 et
1361 2358 1425 2417 in
1472 2358 1653 2419 verba
1691 2357 2048 2435 Vespasiani

158 2473 219 2527 15
296 2503 355 2543 He
388 2502 426 2540 i,
460 2501 644 2541 mm
684 2455 844 2533 adigi
886 2455 1229 2515 volentibus
1256 2456 1384 2515 fuit.
1493 2463 1754 2515 ceterum
1780 2462 1853 2515 ut
1879 2475 2046 2515 mare

246 2564 353 2593 mar
370 2552 583 2592 fila-⁸⁸³&-
685 2554 876 2614 tutius
919 2553 1165 2613 Valenti
1222 2572 1400 2631 quam
1453 2552 1633 2612 litora
1684 2560 1792 2612 aut
1844 2552 2043 2625 urbes,

245 2656 332 2716 ita
370 2652 559 2714 futuri
599 2651 913 2729 ambiguus
955 2657 1018 2709 et
1058 2651 1246 2728 magis
1290 2649 1438 2728 quid
1465 2651 1684 2709 vitaret
1725 2669 1906 2727 quam
1949 2651 2047 2710 cui

245 2752 457 2812 fideret
505 2756 717 2820 certus,
762 2747 1011 2807 adversa
1064 2753 1418 2825 tempestate
1474 2745 1835 2806 Stoechadas
1889 2747 2048 2807 Mas·

246 2847 574 2910 siliensium
594 2844 818 2904 insulas
846 2844 1125 2904 defertur.
1212 2843 1298 2903 ibi
1326 2863 1462 2903 eum
1489 2844 1702 2903 missae
1728 2864 1764 2903 a
1792 2844 2048 2905 Paulino

157 2965 222 3001 20
244 2945 600 3007 Liburnicae
629 2961 985 3020 oppressere.

139 3044 222 3106 44
327 3041 545 3103 XLIV.
594 3040 786 3117 Capto
814 3039 1070 3099 Valente
1100 3045 1314 3098 cuncta
1341 3038 1417 3098 ad
1444 3038 1687 3099 victoris
1729 3058 1870 3115 opes
1912 3060 2049 3099 con·

246 3162 430 3212 versa,
461 3140 637 3199 initio
673 3157 781 3215 per
807 3136 1163 3215 Hispaniam
1191 3157 1227 3196 a
1253 3137 1446 3213 prima
1474 3136 1784 3220 Adiutrice
1810 3136 2048 3215 legione

247 3247 396 3309 orto,
426 3256 578 3313 quae
603 3234 894 3294 memoria
921 3234 1178 3293 Othonis
1205 3233 1439 3293 infensa
1459 3225 2047 3328 Vitellio'decumam

247 3351 485 3410 quoque
525 3351 594 3389 ac
634 3337 864 3389 sextam
903 3328 1103 3387 traxit.
1191 3348 1300 3388 nec
1328 3329 1557 3388 Galliae
1591 3330 2041 3393 cunctabantur.
