2261 3684
197 242 222 298 l
237 243 309 302 18
736 240 1135 300 CORNELII
1168 238 1276 300 TA
1285 240 1368 299 G'I
1366 235 1455 299 TI

186 402 460 476 Classico,
512 401 787 462 relictum
825 390 878 460 ¹a
932 401 1104 461 vobis
1152 401 1217 460 in
1273 401 1396 460 acie
1443 399 1691 460 ducem:
1745 398 1995 459 venient

185 498 464 577 legiones,
496 517 649 577 quae
692 516 887 575 neque
927 517 1024 557 me
1064 496 1331 556 inultum
1367 516 1562 574 neque
1590 515 1696 555 vos
1737 495 1995 573 impuni-

186 603 279 656 tos
310 593 652 674 patiantur!

82 696 160 758 78
264 691 617 752 LXXVIII.
660 690 821 751 Vera
863 696 1049 764 erant,
1084 697 1146 751 et
1188 711 1224 750 a
1264 690 1521 750 tribunis
1559 690 1993 769 praefectisque

187 789 392 850 eadem
460 787 901 866 ingerebantur.
1011 787 1352 847 consistunt
1420 807 1528 865 per
1596 786 1868 846 cohortes
1931 795 1993 845 et

186 885 556 965 manipulos3
596 903 789 962 neque
818 883 979 944 enim
1017 890 1256 962 poterat
1293 891 1595 963 patescere
1623 883 1776 943 acies
1803 883 1992 943 effuso

186 985 357 1045 hoste
426 990 489 1044 et
548 980 1017 1059 impedientibus
1078 980 1354 1042 tentoriis
1417 981 1795 1059 sarcinisque,
1856 1000 1993 1039 cum

134 1097 161 1150 5
187 1083 346 1142 intra
399 1081 624 1141 vallum
701 1086 1083 1158 pugnaretur.
1187 1079 1381 1139 Tutor
1448 1084 1510 1138 et
1565 1078 1861 1138 Classicus
1932 1086 1993 1138 et

186 1197 259 1236 emt
276 1208 351 1236 are
375 1196 582 1245 repucud.
629 1175 838 1236 Civilis
895 1176 1019 1235 suis
1074 1176 1327 1254 quisque
1376 1175 1520 1236 locis
1574 1194 1837 1254 pugnam
1883 1175 1993 1235 cie-

186 1272 350 1342 bant,
396 1271 598 1331 Gallos
654 1292 763 1350 pro
804 1272 1100 1344 libertate,
1145 1272 1406 1332 Batavos
1446 1291 1556 1350 pro
1597 1272 1803 1350 gloria,
1849 1270 1993 1330 Ger-

188 1388 393 1427 manos
462 1369 538 1428 ad
609 1369 891 1446 praedam
960 1369 1336 1447 instigantes.
1450 1376 1512 1428 et
1593 1375 1806 1427 cuncta
1881 1387 1992 1446 pro

186 1466 462 1525 hostibus
516 1472 705 1538 erant,
762 1466 952 1526 donec
1012 1465 1169 1544 legio
1223 1465 1730 1526 unaetvicensima
1787 1472 1992 1543 paten-

106 1585 164 1620 ιο
189 1561 340 1621 tiore
368 1581 546 1638 quam
576 1567 803 1621 ceterae
824 1561 1019 1640 spatio
1041 1561 1392 1640 conglobata
1414 1561 1700 1621 sustinuit
1726 1568 1988 1632 ruentes,

188 1678 329 1717 mox
368 1657 604 1735 inpulit.
691 1678 799 1718 nec
841 1658 968 1718 sine
1024 1678 1136 1736 ope
1191 1657 1397 1718 divina
1444 1658 1691 1717 mutatis
1745 1665 1991 1737 repente

187 1755 401 1814 animis
448 1762 617 1833 terga
665 1756 919 1815 victores
961 1763 1211 1815 vertere.
1318 1756 1436 1834 ipsi
1488 1755 1729 1816 territos
1784 1775 1848 1815 se
1902 1775 1993 1815 co-

187 1853 452 1912 hortium
526 1852 812 1931 adspectu
893 1853 1181 1927 ferebant,
1253 1873 1404 1931 quae
1485 1853 1678 1930 primo
1760 1854 1992 1931 impetu

189 1948 468 2008 disiectae
532 1948 781 2008 summis
848 1968 1051 2008 rursus
1119 1949 1275 2027 iugis
1343 1949 1859 2028 congregabantur
1925 1969 1992 2009 ac

107 2067 159 2118 15
189 2047 442 2124 speciem
483 2047 625 2106 novi
663 2045 872 2106 auxilii
911 2046 1189 2106 fecerant.
1278 2046 1385 2106 sed
1425 2047 1665 2107 obstitit
1704 2047 1993 2106 vincenti-

188 2144 297 2203 bus
366 2163 615 2222 pravum
684 2144 845 2203 inter
911 2144 1071 2222 ipsos
1142 2150 1458 2216 certamen,
1532 2143 1749 2204 omisso
1816 2144 1991 2204 hoste

187 2240 376 2317 spolia
423 2239 817 2300 consectandi.
932 2239 1181 2301 Cerialis
1225 2247 1296 2299 ut
1342 2239 1574 2299 incuria
1624 2259 1809 2317 prope
1863 2260 1991 2300 rem

187 2338 440 2410 adflixit,
469 2338 557 2397 ita
584 2338 920 2397 constantia
957 2336 1226 2396 restituit
1246 2360 1263 2411 5
1306 2343 1660 2414 secutusque
1686 2336 1990 2395 fortunam

189 2441 380 2494 castra
407 2433 670 2493 hostium
704 2432 912 2493 eodem
941 2431 1039 2492 die
1068 2432 1228 2510 capit
1256 2432 1655 2510 excinditque.

84 2540 162 2605 79
266 2530 550 2590 LXXIX.
596 2529 723 2590 Nec
770 2530 835 2589 in
890 2529 1137 2608 longum
1185 2529 1356 2607 quies
1395 2529 1577 2589 militi
1623 2528 1779 2589 data.
1866 2549 1991 2589 ora-

187 2629 336 2688 bant
381 2626 672 2687 auxilium
712 2626 1187 2705 Agrippinenses
1237 2626 1684 2703 offerebantque
1739 2645 1991 2685 uxorem

188 2747 256 2786 ac
295 2745 558 2785 sororem
586 2722 797 2784 Civilis
840 2731 902 2783 et
942 2723 1126 2783 filiam
1170 2722 1434 2796 Classici,
1464 2722 1671 2782 relicta
1713 2722 1828 2782 sibi
1866 2722 1992 2801 pig-

185 2843 333 2883 nora
373 2821 685 2881 societatis.
774 2827 955 2897 atque
991 2819 1237 2879 interim
1267 2818 1563 2897 dispersos
1605 2820 1670 2878 in
1713 2818 1991 2879 domibus

132 2946 160 3000 5
187 2922 517 2982 Germanos
544 2917 989 2978 trucidaverant
1010 2939 1028 2992 3
1066 2916 1226 2977 unde
1256 2923 1450 2976 metus
1479 2923 1541 2976 et
1567 2916 1760 2976 iustae
1788 2936 1991 2995 preces

186 3017 611 3088 invocantium,
663 3022 987 3091 antequam
1035 3013 1238 3073 hostes
1292 3012 1586 3091 reparatis
1634 3013 1863 3073 viribus
1913 3014 1990 3073 ad

187 3134 352 3191 spem
405 3112 502 3173 vel
556 3111 633 3171 ad
690 3111 982 3171 ultionem
1043 3111 1509 3189 accingerentur.
1610 3130 1870 3188 namque
1929 3117 1993 3171 et

188 3210 395 3269 Civilis
435 3208 577 3268 illuc
618 3208 979 3281 intenderat,
1010 3228 1133 3267 non
1174 3207 1491 3281 invaliduS‚
1529 3207 1993 3285 flagrantissima

187 3304 522 3363 cohortium
550 3324 790 3363 suarum
817 3305 1069 3382 integra,
1094 3324 1246 3381 quae
1275 3324 1352 3363 ex
1381 3304 1635 3364 Chaucis
1664 3304 1991 3383 Frisiisque
