2261 3684
629 260 1226 333 HISTORJARUM
1259 261 1416 321 [ΑΒ.
1462 262 1569 321 JV.
1871 248 1880 257 “
1928 264 2002 321 83

203 421 507 499 impellere
537 442 892 499 cursumque
927 442 1124 481 rerum
1165 423 1330 500 sequi
1372 430 1744 497 maturasset,
1775 423 2004 484 solvere

201 519 503 579 obsidium
533 520 836 598 legionum
865 519 1074 580 eodem
1097 521 1327 598 impetu
1345 521 1559 599 potuit.
1606 528 2006 599 temptaverat

200 616 447 676 interim
476 616 687 678 Civilis
716 616 1091 678 obsessorum
1120 617 1367 690 animOS,
1398 624 1705 695 tamquam
1732 618 2001 697 perditae
2032 631 2093 669 ¹0

197 714 359 792 apud
404 715 708 774 Romanos
751 734 844 774 res
885 722 947 774 et
988 714 1109 773 suis
1152 715 1402 774 victoria
1440 716 1843 793 provenisset:
1900 715 2004 775 cir-

196 812 686 872 cumferebantur
765 812 935 890 signa
1015 811 1370 889 vexillaque,
1455 813 1738 872 ostentati
1822 813 2003 873 etiam

195 908 437 986 captivi.
527 928 602 968 ex
657 908 874 986 quibus
928 928 1101 981 unus,
1163 909 1463 987 egregium
1522 909 1748 969 facinus
1804 929 1996 983 ausuS,

192 1004 357 1064 clara
386 1025 529 1065 voce
556 1013 724 1084 gesta
765 1005 1061 1083 patefecit,
1092 1004 1398 1064 confossus
1425 1004 1582 1065 illico
1624 1026 1660 1065 a
1687 1005 2001 1066 Germanis

192 1101 360 1162 unde
384 1103 576 1162 maior
597 1101 780 1162 indici
798 1102 981 1174 fides;
1025 1101 1205 1161 simul
1232 1102 1568 1165 vastatione
1595 1102 1999 1181 incendiisque
2030 1115 2090 1170 15

191 1199 584 1277 flagrantium
653 1199 930 1258 villarum
1008 1199 1214 1258 venire
1282 1199 1571 1259 victorem
1641 1201 1996 1259 excercitum

192 1297 674 1376 intellegebatur.
789 1297 854 1355 in
924 1303 1246 1373 conspectu
1319 1303 1648 1357 castrorum
1716 1298 2001 1358 constitui

191 1394 369 1472 signa
422 1394 758 1472 fossamque
814 1400 877 1452 et
931 1393 1157 1453 vallum
1207 1392 1559 1453 circumdari
1653 1435 1738 1477 Th,
1799 1437 1904 1487 ὡς,
1959 1440 2009 1487 ⁰!

190 1490 431 1551 Vocula
497 1491 696 1551 iubet:
774 1490 1063 1568 depositis
1132 1489 1557 1568 inpedimentis
1607 1488 1751 1528 mm
1767 1489 1921 1528 mind.

107 1628 114 1635 -
190 1587 562 1666 sarcinisque
589 1587 856 1665 expediti
885 1594 1196 1647 certarent.
1282 1587 1423 1647 hinc
1449 1588 1513 1647 in
1542 1586 1752 1647 ducem
1780 1589 2002 1649 clamor
2025 1601 2092 1640 20

189 1704 464 1764 pugnam
518 1685 933 1762 poscentium3
1001 1690 1063 1743 et
1116 1683 1333 1742 minari
1388 1683 1802 1744 adsueverant.
1925 1704 1999 1744 ne

190 1790 468 1861 tempore
510 1780 752 1860 quidem
794 1780 870 1840 ad
913 1779 1309 1841 ordinandam
1346 1781 1532 1840 aciem
1569 1787 1743 1860 capto
1784 1782 2001 1841 incom-

189 1879 381 1960 positi
401 1879 656 1957 fessique
686 1879 977 1957 proelium
1003 1898 1342 1957 sumpsere3
1373 1899 1510 1938 nam
1539 1878 1748 1939 Civilis
1774 1879 2000 1954 aderat,

189 1997 318 2037 non
392 1977 589 2035 minus
652 1975 818 2036 vitiis
886 1974 1150 2035 hostium
1219 1995 1399 2054 quam
1467 1976 1691 2036 virtute
1758 1996 2000 2036 suorum

189 2075 401 2134 fretus.
488 2074 653 2132 varia
673 2072 835 2150 apud
856 2073 1159 2132 Romanos
1180 2072 1421 2132 fortuna
1437 2080 1499 2132 et
1519 2072 2001 2133 seditiosissimus
2026 2084 2091 2139 25

190 2172 451 2251 quisque
492 2171 782 2249 ignavus:
827 2170 1071 2248 quidam
1112 2170 1368 2229 recentis
1395 2170 1679 2230 victoriae
1713 2190 2002 2230 memores

189 2269 458 2329 retinere
526 2268 739 2339 locum,
809 2267 987 2327 ferire
1043 2267 1292 2339 hostem,
1351 2287 1530 2345 seque
1584 2275 1645 2326 et
1701 2268 2004 2346 proximos

189 2366 427 2427 hortari
470 2372 532 2425 et
579 2363 988 2442 redintegrata
1029 2364 1153 2423 acie
1198 2384 1409 2424 manus
1451 2364 1527 2424 ad
1570 2364 1838 2425 obsessos
1879 2373 2004 2425 ten-

191 2468 360 2539 dere,
418 2484 494 2523 ne
549 2464 807 2541 tempori
874 2463 1165 2523 deessent.
1279 2462 1368 2522 illi
1436 2470 1649 2524 cuncta
1715 2484 1748 2524 e
1819 2465 2003 2523 muris

192 2570 509 2626 cernentes
577 2562 854 2622 omnibus
914 2561 1104 2639 portis
1171 2568 1587 2641 prorumpunt.
1715 2583 1782 2622 ac
1849 2562 2003 2623 forte
2029 2572 2092 2623 30

192 2660 411 2723 Civilis
478 2659 647 2737 lapsu
717 2657 855 2737 equi
920 2665 1273 2735 prostratus,
1333 2658 1561 2718 credita
1619 2679 1727 2738 per
1779 2667 2004 2720 utrum-

192 2777 317 2837 que
371 2756 704 2816 exercitum
764 2754 924 2813 fama
990 2754 1373 2814 vulneratum
1444 2762 1550 2815 aut
1602 2756 2000 2830 interfectum,

193 2856 441 2915 inmane
482 2861 777 2931 quantum
806 2852 931 2911 suis
973 2851 1213 2930 pavoris
1255 2858 1318 2911 et
1360 2851 1635 2913 hostibus
1679 2853 2003 2914 alacritatis

192 2951 460 3013 indidit:
509 2949 616 3009 sed
638 2948 869 3009 Vocula
898 2948 1132 3008 omissis
1175 2949 1536 3028 fugientium
1568 2952 1752 3029 tergis
1780 2951 2002 3012 vallum

193 3048 501 3125 turrisque
547 3054 877 3105 castrorum
924 3046 1197 3124 augebat,
1249 3053 1552 3124 tamquam
1605 3067 1808 3107 rursus
1857 3049 2006 3108 obsi·
2032 3058 2093 3109 35

194 3146 368 3206 dium
405 3144 761 3217 immineret,
808 3150 1087 3220 corrupta
1129 3143 1355 3203 totiens
1400 3144 1652 3204 victoria
1692 3165 1813 3205 non
1855 3146 2004 3207 falso

195 3249 510 3320 suspectus
539 3240 765 3300 bellum
792 3240 984 3299 malle.

279 3337 536 3399 XXXV.
584 3337 756 3397 Nihil
779 3356 965 3415 aeque
984 3337 1284 3398 exercitus
1306 3344 1542 3397 nostros
1571 3358 1750 3417 quam
1773 3347 2003 3419 egestas
2030 3353 2110 3417 35
