2261 3684
248 239 362 296 114
784 236 1183 296 CORNELII
1216 236 1323 296 ΤΑ
1334 235 1503 296 CITI

239 398 429 458 mavit
455 421 469 458 :
511 397 613 458 sed
645 397 929 475 quoniam
957 397 1117 476 apud
1145 417 1255 457 vos
1283 398 1466 458 verba
1490 397 1818 476 plurimum
1840 395 2051 458 valent

186 516 214 570 5
293 539 369 578 ffi,
410 539 549 587 weh
601 542 643 577 ω
683 496 957 572 bonaque
1005 515 1073 555 ac
1118 495 1278 555 mala
1325 515 1449 555 non
1496 515 1604 554 sua
1657 501 1891 571 natura,
1941 492 2050 554 sed

241 586 307 628 ‘²²‘
325 589 471 628 ⁰“¹“⁸·
681 592 925 653 vocibus
958 591 1379 652 seditiosorum
1417 591 1827 664 aestimantur,
1857 589 2048 650 statui

237 708 426 767 pauca
487 688 794 762 disserere,
860 709 1010 767 quae
1077 689 1396 767 profligato
1463 688 1621 748 bello
1688 687 1899 747 utilius
1967 687 2076 746 sit!

238 784 410 845 vobis
464 785 702 846 audisse
757 805 937 863 quam
978 785 1153 845 nobis
1195 784 1432 845 dixisse.
1519 792 1741 844 terram
1785 790 2045 843 vestram

239 888 688 960 ceterorumque
757 882 1068 941 Gallorum
1136 881 1389 960 ingressi
1458 888 1598 941 sunt
1680 880 1859 940 duces
1940 880 2046 938 im-

157 1003 216 1040 10
238 985 658 1056 peratoresque
712 978 971 1038 Romani
1025 977 1192 1038 nulla
1232 977 1529 1056 cupidine,
1575 977 1681 1038 sed
1719 977 2047 1037 maioribus

239 1075 453 1137 vestris
527 1075 963 1148 invocantibus,
1048 1094 1199 1153 quos
1282 1074 1615 1134 discordiae
1695 1093 1885 1152 usque
1967 1073 2046 1133 ad

238 1171 494 1231 exitium
548 1172 898 1250 fatigabant,
944 1178 1005 1232 et
1060 1172 1232 1233 acciti
1279 1172 1503 1233 auxilio
1547 1171 1833 1232 Germani
1873 1171 2045 1231 sociis

237 1268 482 1347 pariter·
503 1275 685 1346 atque
728 1268 1001 1329 hostibus
1028 1269 1381 1328 servitutem
1409 1269 1809 1346 inposuerant.
1896 1275 2047 1346 quot

238 1365 480 1444 proeliis
565 1365 847 1426 adversus
929 1365 1202 1427 Cimbros
1284 1366 1724 1444 Teutonosque,
1802 1366 2048 1444 quantis

157 1484 213 1538 15
239 1463 607 1522 exercituum
646 1470 988 1523 nostrorum
1029 1462 1333 1523 laboribus
1379 1483 1573 1542 quove
1630 1470 1855 1523 eventu
1903 1463 2046 1524 Ger-

239 1560 471 1618 manica
525 1559 681 1619 bella
721 1560 1193 1633 tractaverimuS,
1238 1561 1381 1620 satis
1423 1559 1664 1620 clarum.
1750 1580 1861 1620 nec
1908 1560 2047 1621 ideo

238 1655 518 1715 Rhenum
573 1656 916 1730 insedimus,
976 1663 1045 1716 ut
1114 1656 1355 1716 Italiam
1422 1664 1742 1732 tueremur,
1800 1656 1908 1717 sed
1968 1677 2046 1718 ne

238 1752 371 1829 quis
399 1751 550 1811 alius
590 1753 929 1813 Ariovistus
958 1773 1141 1831 regno
1183 1754 1515 1814 Galliarum
1554 1759 1880 1832 poteretur.
1967 1774 2046 1814 an

203 1891 206 1892 ν
239 1870 344 1910 vos
427 1851 677 1911 cariores
761 1851 938 1911 Civili
1020 1851 1382 1930 Batavisque
1464 1858 1525 1912 et
1591 1851 2046 1912 transrhenanis

150 1978 214 2015 20
237 1948 519 2026 gentibus
585 1947 843 2022 creditis,
916 1968 1095 2026 quam
1163 1950 1488 2009 maioribus
1558 1968 1764 2009 eorum
1840 1957 2047 2027 patres

238 2044 454 2121 avique
548 2044 733 2104 vestri
825 2044 1111 2104 fuerunt?
1220 2044 1431 2105 eadem
1525 2065 1759 2123 semper
1867 2065 2046 2105 causa

238 2141 553 2201 Germanis
621 2141 1085 2201 transcendendi
1152 2141 1217 2200 in
1286 2141 1531 2216 Gallias,
1600 2141 1789 2202 libido
1857 2149 2044 2221 atque

236 2238 489 2298 avaritia
516 2245 576 2297 et
604 2238 926 2298 mutandae
954 2240 1113 2299 sedis
1145 2259 1325 2313 amor,
1357 2246 1426 2299 ut
1461 2238 1684 2299 relictis
1720 2238 2043 2318 paludibus

236 2343 298 2396 et
325 2335 751 2395 solitudinibus
781 2337 903 2396 suis
930 2336 1420 2396 fecundissimum
1447 2336 1559 2396 hoc
1594 2335 1785 2395 solum
1813 2356 2042 2415 vosque

131 2458 191 2511 25
235 2434 396 2512 ip'sos
416 2433 824 2512 possiderent:
872 2440 1138 2493 ceterum
1159 2433 1405 2493 libertas
1427 2440 1488 2493 et
1511 2432 1774 2511 speciosa
1792 2434 2043 2493 nomina

234 2532 706 2605 praetexuntur3
775 2545 884 2586 nec
940 2526 1253 2604 quisquam
1312 2526 1572 2586 alienum
1614 2526 1928 2585 servitium
1978 2533 2040 2586 et

233 2623 702 2684 dominationem
759 2623 871 2682 sibi
926 2623 1284 2701 concupivit,
1344 2630 1413 2682 ut
1467 2642 1588 2681 non
1644 2621 1852 2682 eadem
1920 2624 2039 2684 ista

232 2719 519 2781 vocabula
540 2720 887 2798 usurparet.’

126 2826 207 2890 74
310 2816 593 2877 LXXIV.
643 2822 657 2849 ‘
679 2816 890 2894 Regna
908 2815 1184 2894 bellaque
1212 2836 1320 2894 per
1341 2815 1567 2876 Gallias
1589 2836 1823 2894 semper
1848 2816 2032 2894 fuere,

231 2916 419 2974 donec
460 2914 524 2973 in
565 2919 839 2972 nostrum
874 2912 967 2972 ius
1006 2912 1423 2972 concederetis».
1510 2933 1634 2988 nos,
1669 2934 2034 2992 quamquam
2065 2913 2072 2920 ”

230 3013 451 3071 totiens
478 3009 751 3084 lacessiti,
784 3009 911 3069 iure
948 3010 1232 3069 victoriae
1271 3009 1335 3069 id
1372 3009 1565 3070 solum
1601 3011 1775 3070 vobis
1803 3010 2035 3072 addidi·

227 3129 378 3182 muS‚
410 3128 528 3185 quo
556 3128 761 3186 pacem
791 3114 1096 3166 tueremur
1116 3129 1133 3181 3
1173 3126 1314 3165 nam
1342 3126 1534 3185 neque
1562 3107 1732 3185 quies
1758 3108 2030 3187 gentium

172 3234 197 3284 5
227 3205 353 3261 sine
382 3205 560 3262 armis
589 3223 783 3280 neque
811 3223 976 3262 arma
1004 3204 1130 3263 sine
1162 3203 1477 3281 stipendiis
1505 3224 1698 3282 neque
1729 3205 2030 3284 stipendia

227 3298 353 3364 sine
396 3298 637 3364 tributis
678 3299 886 3357 haberi
914 3307 1184 3381 queunt:
1229 3307 1422 3359 cetera
1463 3301 1525 3362 in
1568 3302 1871 3370 communi
1913 3304 2030 3372 sita
