2261 3684
239 279 315 336 56
780 277 1177 337 CORNELII
1218 277 1323 337 TA
1334 278 1421 337 01
1417 278 1508 338 TI

238 445 424 516 utque
467 438 530 496 in
575 437 804 497 ludicro
834 439 1175 512 certamine,
1219 438 1344 513 hoS,
1377 459 1580 498 rursus
1623 438 1758 499 illos
1787 439 2045 499 clamore

237 542 298 594 et
338 536 552 614 plausu
592 535 850 595 fov'ebat.
938 536 1216 614 quotiens
1263 556 1399 614 pars
1448 536 1637 596 altera
1679 537 2043 609 inclinasset,

237 630 473 690 abditos
500 630 563 689 in
585 630 849 691 tabernis
874 638 979 692 aut
1005 632 1254 710 siquam
1275 633 1339 692 in
1369 633 1612 692 domum
1636 634 2041 711 perfugerant,

181 730 209 784 5
237 728 363 787 erui
404 727 780 806 iugularique
822 728 1271 806 expostulantes
1313 736 1482 808 parte
1522 730 1745 790 maiore
1786 729 2047 808 praedae

235 824 660 904 potiebantur:
729 845 869 907 nam
925 825 1117 886 milite
1174 825 1252 885 ad
1308 827 1660 905 sanguinem
1717 835 1779 887 et
1833 826 2045 887 caedes

236 922 485 982 obverso
513 922 703 1000 spolia
728 923 793 982 in
821 922 1037 1002 vulgus
1065 923 1371 984 cedebant.
1459 944 1635 985 saeva
1664 945 1730 986 ac
1758 924 2045 985 deformis

234 1020 382 1080 urbe
403 1026 534 1080 tota
560 1020 738 1080 facies
762 1043 774 1079 :
816 1020 959 1081 alibi
987 1020 1215 1098 proelia
1236 1028 1298 1081 et
1319 1021 1583 1093 vulnera,
1610 1022 1754 1083 alibi
1771 1021 2044 1082 balineae

234 1117 651 1195 popinaeque3
694 1117 871 1177 simul
913 1137 1088 1177 cruor
1116 1124 1179 1178 et
1228 1125 1421 1178 strues
1470 1139 1822 1197 corporum,
1872 1119 2045 1179 iuxta

152 1226 212 1262 10
235 1223 430 1274 scorta
467 1221 529 1274 et
569 1215 778 1275 scortis
820 1213 1042 1274 similes
1067 1237 1084 1289 3
1125 1222 1419 1292 quantum
1459 1215 1525 1274 in
1567 1215 1873 1276 luxurioso
1918 1218 2043 1277 otio

234 1312 568 1384 libidinum,
590 1311 883 1390 quidquid
897 1312 960 1371 in
979 1312 1356 1372 acerbissima
1365 1312 1714 1390 captivitate
1732 1312 2039 1387 scelerum,

236 1429 477 1487 prorsus
531 1416 603 1469 ut
657 1409 909 1469 eandem
966 1409 1272 1469 civitatem
1319 1417 1380 1469 et
1420 1410 1615 1469 furere
1660 1410 1931 1470 crederes
1983 1418 2044 1470 et

235 1504 522 1566 lascivire.
595 1509 987 1569 conflixerant
1005 1516 1054 1569 et
1071 1517 1212 1570 ante
1234 1511 1448 1570 armati
1465 1511 1759 1571 exercitus
1780 1510 1845 1570 in
1866 1509 2032 1580 urbe,

235 1601 328 1662 bis
364 1602 548 1662 Lucio
588 1603 770 1678 Sulla,
807 1606 989 1666 semel
1025 1608 1089 1667 L.
1125 1607 1321 1668 Cinna
1357 1609 1702 1682 victoribus,
1740 1627 1848 1667 nec
1891 1614 2036 1666 tunc

149 1709 205 1763 ¹5
232 1702 431 1762 minus
479 1701 886 1768 crudelitatis:
946 1722 1105 1762 nunc
1149 1702 1476 1762 inhumana
1524 1702 1810 1763 securitas
1854 1714 1919 1763 et
1962 1723 2037 1762 ne

231 1798 478 1859 minimo
547 1797 791 1877 quidem
853 1799 1144 1878 temporis
1212 1799 1554 1878 voluptates
1622 1799 2036 1860 intermissae:

231 1897 401 1957 velut
453 1897 622 1957 festis
685 1896 894 1957 diebus
950 1896 1016 1956 id
1072 1916 1311 1976 quoque
1371 1897 1655 1974 gaudium
1710 1897 2032 1971 accederet,

231 1994 630 2067 exsultabant,
688 1995 1061 2068 fruebantur,
1113 1993 1279 2054 nulla
1333 1994 1596 2073 partium
1651 2015 1805 2066 cura,
1863 1994 2036 2054 malis

230 2092 486 2170 publicis
520 2091 679 2151 laeti.

126 2192 207 2257 84
311 2188 655 2249 LXXXIV.
717 2188 1050 2249 Plurimum
1095 2188 1269 2248 molis
1313 2188 1376 2247 in
1426 2188 1870 2267 obpugnatione
1919 2209 2036 2249 cas-

230 2293 459 2346 trorum
486 2285 618 2359 fuit,
649 2305 799 2363 quae
829 2285 1148 2345 acerrimus
1176 2285 1426 2363 quisque
1454 2285 1838 2344 novissimam
1867 2306 2036 2365 spem

230 2383 585 2445 retinebant.
672 2402 743 2443 eo
783 2383 1075 2443 intentius
1104 2384 1378 2453 victoreS,
1421 2382 1734 2460 praecipuo
1762 2390 2036 2443 veterum

232 2480 567 2543 cohortium
597 2479 815 2554 studi0,
868 2487 1081 2540 cuncta
1124 2479 1626 2539 validissimarum
1668 2480 1908 2540 urbium
1938 2502 2037 2541 ex-

177 2603 203 2657 5
232 2578 399 2639 cidiis
448 2585 683 2655 reperta
724 2577 901 2637 simul
942 2576 1284 2651 admovent,
1327 2577 1692 2637 testudinem
1734 2585 2038 2639 tormenta

232 2695 506 2755 aggerem
559 2675 848 2752 facesque,
908 2673 1204 2751 quidquid
1249 2680 1344 2734 tot
1397 2673 1637 2751 proeliis
1693 2674 1911 2734 laboris
1968 2697 2035 2736 ac

231 2772 477 2852 periculi
500 2772 854 2844 hausissent,
888 2790 1064 2849 opere
1085 2770 1190 2830 illo
1220 2771 1617 2831 consummari
1637 2770 2030 2833 clamitantes

286 2914 366 2953 The
383 2913 631 2962 praemia„
670 2869 882 2929 urbem
911 2868 1145 2928 senatui
1167 2888 1233 2927 ac
1255 2867 1476 2946 populo
1498 2867 1787 2941 Romano,
1809 2871 2036 2948 templa

229 2975 353 3014 ‘amp
375 2965 415 3003 ²'⁸
438 2963 627 3003 ⁸⁶⁰md·
673 2966 766 3026 dis
795 2965 1063 3026 reddita:
1105 2966 1415 3043 proprium
1458 2986 1583 3026 esse
1617 2966 1826 3026 militis
1854 2967 2034 3028 decus

148 3087 206 3123 ιο
231 3064 294 3121 in
348 3063 591 3122 castris:
648 3062 812 3122 illam
852 3062 1123 3139 patriam,
1166 3062 1299 3121 illos
1332 3070 1594 3140 penates
1708 3063 1771 3122 ni
1825 3066 2032 3126 statim

231 3158 609 3233 recipiantur,
640 3165 877 3217 noctem
915 3159 979 3216 in
1009 3158 1189 3217 armis
1218 3159 1523 3236 agendam.
1611 3167 1817 3219 contra
1844 3161 2032 3221 Vitel-

230 3253 390 3324 liani,
422 3272 783 3329 quamquam
824 3273 1070 3313 numero
1110 3255 1354 3332 fatoque
1384 3256 1664 3333 dispares,
1696 3258 2032 3335 inquietare

229 3347 556 3419 victoriam,
628 3350 844 3407 morari
926 3369 1147 3425 pacem,
1219 3349 1428 3411 domos
1511 3373 1760 3431 arasque
1821 3375 2030 3419 cruore
