2261 3684
247 224 326 282 60
785 219 1186 282 CORNELII
1224 220 1329 280 ΤΑ
1337 221 1511 281 011⁷]

244 385 403 444 inter
430 383 687 443 sarcinas
716 382 923 442 abditi.
1008 383 1174 443 fuere
1192 383 1294 461 qui
1313 389 1560 461 excepto
1582 383 2041 443 Vitellianorum

244 481 431 559 signo,
489 500 608 559 quo
662 480 822 539 inter
875 498 936 539 se
1005 480 1418 552 noscebantur,
1492 480 1649 539 ultro
1717 480 2041 559 rogitantes

243 579 746 657 respondentesve
775 576 1082 637 audaciam
1109 597 1220 654 pro
1247 577 1478 637 latebra
1504 577 1810 637 haberent.

139 671 221 735 '74
326 674 605 735 LXXIV.
650 674 1032 734 Domitianus
1078 673 1272 753 prima
1315 674 1659 753 inruptione
1700 675 1861 753 apud
1891 674 2043 734 aedi-

294 818 449 866 escape
491 817 540 865 os
564 816 643 856 Do-
685 778 857 832 tuum
914 772 1262 845 occultatus,
1316 772 1582 832 sollertia
1637 772 1836 832 liberti
1887 772 2041 831 lineo

241 868 414 908 mman.
685 870 907 930 amictu
981 870 1194 930 turbae
1260 869 1672 930 sacricolarum
1753 870 2041 929 inmixtus

242 970 683 1048 ignoratusque,
746 966 906 1045 apud
976 965 1321 1027 Cornelium
1391 967 1660 1026 Primum
1728 973 2044 1045 paternum

190 1082 218 1137 5
243 1067 521 1128 clientem
604 1065 776 1124 iuxta
842 1063 1171 1124 Velabrum
1257 1063 1514 1124 delituit.
1643 1085 1709 1124 ac
1775 1064 2044 1142 potiente

241 1184 443 1225 rerum
497 1168 684 1240 patre,
728 1160 974 1221 disiecto
1017 1160 1243 1221 aeditui
1292 1161 1699 1234 contubernio,
1744 1161 2041 1221 modicum

243 1261 519 1323 sacellum
577 1259 709 1318 Iovi
781 1258 1201 1319 Conservatori
1270 1279 1549 1337 aramque
1617 1259 1819 1337 posuit
1873 1279 2043 1319 casus

242 1380 380 1421 suos
421 1359 484 1417 in
514 1376 807 1417 marmore
836 1376 1179 1433 expressam
1202 1380 1218 1431 3
1266 1376 1409 1416 mox
1436 1356 1754 1435 imperium
1787 1357 2045 1434 adeptus

242 1457 374 1517 Iovi
447 1453 696 1516 Custodi
760 1452 1050 1530 templum
1111 1453 1323 1530 ingens
1388 1472 1567 1530 seque
1631 1452 1694 1511 in
1750 1452 1885 1511 sinu
1946 1451 2045 1512 dei

160 1574 219 1610 ιο
241 1553 507 1615 sacravit.
598 1549 856 1611 Sabinus
911 1557 973 1610 et
1020 1549 1262 1611 Atticus
1305 1550 1534 1610 onerati
1590 1550 1814 1611 catenis
1856 1556 1920 1610 et
1967 1549 2043 1610 ad

240 1650 556 1714 Vitellium
585 1647 751 1707 ducti
779 1667 1157 1725 nequaquam
1185 1647 1404 1706 infesto
1447 1666 1718 1706 sermone
1745 1645 2043 1725 vultuque

242 1748 638 1826 excipiuntur,
690 1744 1084 1805 frementibus
1129 1744 1235 1822 qui
1281 1744 1374 1803 ius
1424 1744 1620 1804 caedis
1669 1750 1732 1804 et
1776 1745 2046 1821 praemia

240 1854 494 1924 navatae
532 1863 744 1922 operae
791 1841 1091 1921 petebant.
1180 1842 1435 1902 clamore
1483 1862 1521 1901 a
1570 1841 1858 1920 proximis
1907 1849 2046 1903 orto

239 1945 481 2008 sordida
506 1962 642 2022 pars
669 1940 860 2019 plebis
888 1938 1250 2018 supplicium
1278 1938 1487 2000 Sabini
1531 1940 1815 2017 exposcit,
1846 1939 2046 2000 minas

158 2056 214 2110 15
239 2042 729 2118 adulationesque
756 2037 982 2098 miscet.
1069 2043 1330 2097 stantem
1357 2056 1467 2114 pro
1494 2036 1779 2115 gradibus
1819 2035 2047 2097 Palatii

238 2140 552 2203 Vitellium
581 2144 642 2197 et
668 2154 871 2214 preces
897 2140 1209 2212 parantem
1237 2134 1555 2212 pervicere,
1585 2140 1657 2192 ut
1684 2133 2005 2194 absisteret
2031 2158 2045 2195 t

237 2255 370 2300 Deam
383 2254 632 2305 assabinm.
677 2240 808 2292 tum
890 2231 1231 2291 confossum
1328 2230 1881 2308 conlaceratumque
1980 2238 2048 2291 et

237 2335 463 2397 absciso
519 2332 710 2409 capite
765 2336 1045 2388 truncum
1093 2347 1307 2405 corpus
1357 2327 1565 2388 Sabini
1605 2327 1671 2386 in
1716 2326 2047 2388 Gemonias

233 2434 497 2495 trahunt.

132 2533 212 2597 75
314 2526 564 2591 LXXV.
611 2525 729 2585 Hic
797 2523 998 2584 exitus
1065 2522 1183 2581 viri
1251 2520 1414 2581 haud
1481 2541 1624 2581 sane
1693 2521 2040 2600 spernendi.

235 2629 498 2710 quinque
548 2633 610 2683 et
651 2621 903 2700 triginta
946 2618 1247 2696 stipendia
1288 2618 1352 2677 in
1397 2638 1462 2678 re
1506 2617 1747 2696 publica
1795 2618 2040 2694 fecerat,

235 2724 399 2788 domi
443 2719 812 2797 militiaeque
861 2716 1070 2778 clarus,
1157 2715 1564 2775 innocentiam
1618 2714 2045 2794 iustitiamque

233 2825 360 2886 eius
406 2839 529 2880 non
573 2835 885 2895 argueres3
924 2812 1214 2873 sermonis
1259 2812 1479 2871 nimius
1525 2819 1695 2880 erat:
1735 2811 1801 2871 id
1844 2831 2045 2873 unum

177 2950 205 3004 5
233 2940 310 2981 ms
326 2938 553 2978 character.
673 2919 902 2990 septem
930 2910 1102 2970 annis
1129 2909 1348 2988 quibus
1375 2908 1683 2982 Moesiam,
1716 2908 2047 2971 duodecim

231 3015 450 3094 quibus
490 3011 923 3090 praefecturam
962 3006 1129 3067 urbis
1171 3006 1450 3078 obtinuit,
1496 3005 1893 3066 calumniatus
1943 3014 2046 3067 est

230 3128 450 3169 rumor.
521 3108 586 3165 in
614 3108 732 3165 fine
758 3105 919 3164 vitae
947 3102 1050 3162 alii
1076 3122 1336 3180 segnem,
1361 3102 1538 3162 multi
1566 3102 1948 3163 moderatum
1976 3111 2047 3164 et

230 3205 452 3265 civium
472 3201 776 3278 sanguinis
794 3218 1037 3276 parcum
1061 3198 1381 3257 credidere.
1467 3199 1630 3276 quod
1651 3199 1811 3259 inter
1838 3201 2045 3261 omnis

229 3298 582 3367 constiterit,
613 3303 752 3355 ante
779 3294 1181 3372 principatum
1206 3295 1558 3371 Vespasiani
1598 3296 1777 3357 decus
1818 3295 2046 3358 domus
