2261 3684
230 252 308 310 92
768 250 1165 311 CORNELII
1200 250 1304 310 ΤΑ
1314 252 1397 311 CI
1396 251 1481 311 TI

226 413 660 490 praetorianam
699 411 975 471 militiam
1018 413 1372 490 repetebant
1413 433 1448 471 a
1491 411 1738 472 Vitellio
1775 409 2031 481 dimissi,

225 529 332 587 pro
361 509 730 589 Vespasiano
760 511 1102 587 congregati
1126 533 1144 585 3
1187 517 1248 569 et
1277 510 1463 569 lectus
1490 509 1556 568 in
1584 509 1835 568 eandem
1863 527 2032 586 spem

225 628 257 665 e
295 607 626 685 legionibus
664 606 835 665 miles
873 607 1165 684 promissa
1202 607 1503 684 stipendia
1542 606 1865 685 flagitabat.
1953 623 2032 663 ne

168 722 197 777 5
225 703 532 764 Vitelliani
562 703 808 782 quidem
846 704 975 763 sine
1009 704 1200 763 multa
1238 703 1416 763 caede
1455 703 1672 781 depelli
1712 708 2032 780 poterant:

224 801 330 860 sed
384 801 657 860 inmensa
711 800 963 878 pecunia
1016 807 1188 861 tanta
1228 801 1321 860 vis
1361 800 1671 861 hominum
1712 797 2030 859 retinenda

224 905 367 958 erat.
479 899 781 976 ingressus
837 905 1029 957 castra
1082 898 1415 970 Mucianus,
1468 917 1587 975 quo
1630 897 1845 957 rectius
1887 895 2030 973 stip—

223 994 400 1055 endia
427 994 798 1073 singulorum
827 1001 1139 1071 spectaret,
1172 996 1293 1055 suis
1316 1015 1447 1054 cum
1471 995 1805 1074 insignibus
1826 993 2031 1053 armis-

223 1112 339 1170 que
381 1093 636 1152 victores
686 1091 1013 1163 constituit,
1060 1092 1309 1152 modicis
1350 1092 1509 1151 inter
1552 1112 1614 1152 se
1658 1091 1865 1169 spatiis
1913 1089 2029 1148 dis-

139 1212 199 1249 10
223 1197 431 1250 cretos
520 1198 647 1249 tum
680 1188 1012 1262 Vitelliani,
1036 1209 1189 1267 quos
1212 1188 1371 1267 apud
1394 1188 1658 1249 Bovillas
1685 1189 1749 1248 in
1775 1188 2030 1248 deditio·

221 1305 359 1345 nem
402 1293 672 1363 acceptos
715 1285 1193 1359 memoravimus,
1227 1285 1527 1364 ceterique
1568 1306 1674 1363 per
1715 1285 1926 1345 urbem
1967 1291 2029 1344 et

271 1442 546 1484 &turbam
571 1444 621 1483 in
661 1383 795 1442 urbi
825 1382 1021 1442 vicina
1059 1383 1377 1461 conquisiti
1404 1382 1816 1460 producuntur
1840 1402 2028 1460 prope

223 1493 287 1532 the
345 1504 469 1543 camp
522 1506 621 1543 sup·
661 1479 886 1539 intecto
926 1499 1186 1557 corpore.
1300 1500 1399 1540 eos
1453 1480 1769 1539 Mucianus
1824 1478 2027 1539 diduci

216 1545 398 1591 prm&
662 1583 724 1636 et
791 1576 1216 1636 Germanicum
1276 1576 1807 1655 Britannicumque
1875 1575 2029 1635 mili-

137 1696 192 1749 15
221 1674 360 1742 tem,
432 1690 499 1729 ac
581 1672 632 1731 si
713 1673 818 1751 qui
900 1673 1153 1733 aliorum
1237 1675 1624 1748 exercituum,
1703 1673 2027 1751 separatim

220 1765 506 1827 adsistere
581 1769 763 1830 iubet.
911 1769 1045 1829 illos
1118 1770 1345 1849 primus
1422 1771 1628 1832 stat-im
1710 1770 2027 1849 adspectus

219 1864 712 1941 obstupefecerat,
775 1887 909 1927 cum
967 1888 1042 1927 ex
1105 1868 1341 1928 diverso
1398 1869 1565 1929 velut
1632 1869 1817 1929 aciem
1887 1868 2026 1928 telis

220 1967 282 2020 et
322 1963 500 2021 armis
538 1972 785 2039 trucem,
830 1972 1021 2024 semet
1062 1965 1289 2025 clausos
1333 1966 1643 2044 nudosque
1692 1974 1754 2025 et
1797 1965 2026 2025 inluvie

219 2057 515 2119 deformes
537 2062 871 2139 aspicerent
893 2086 906 2122 :
935 2069 1005 2121 ut
1024 2082 1164 2122 vero
1183 2063 1300 2121 huc
1322 2063 1462 2123 illuc
1484 2062 1736 2123 distrahi
1759 2082 2023 2140 coepere,

131 2187 195 2222 20
218 2163 412 2214 metus
480 2177 588 2236 per
655 2179 860 2218 omnes
918 2147 980 2219 et
1036 2160 1352 2237 praecipua
1408 2160 1748 2221 Germanici
1813 2159 2026 2219 militis

217 2251 490 2327 formidO,
547 2262 854 2334 tamquam
897 2276 966 2316 ea
1008 2258 1386 2334 separatione
1429 2258 1505 2317 ad
1555 2258 1794 2318 caedem
1847 2257 2028 2317 desti-

217 2357 478 2410 naretur.
564 2372 842 2430 prensare
872 2354 1473 2432 commanipularium
1501 2363 1758 2433 pectora,
1789 2353 2027 2414 cervici·

218 2447 328 2507 bus
369 2448 614 2523 innecti,
646 2470 925 2529 suprema
967 2451 1168 2510 oscula
1215 2458 1436 2529 petere,
1483 2471 1559 2512 ne
1609 2451 2026 2512 desererentur

218 2545 328 2605 soli
369 2565 488 2606 neu
529 2548 659 2625 pari
708 2568 884 2608 causa
933 2548 1230 2626 disparem
1287 2549 1589 2609 fortunam
1641 2555 2023 2627 paterentur3

128 2671 190 2725 25
217 2643 394 2704 modo
435 2645 802 2718 Mucianum,
833 2645 1013 2705 modo
1056 2646 1365 2706 absentem
1407 2646 1754 2723 principem,
1799 2652 2023 2724 postre-

215 2762 380 2801 mum
407 2742 635 2802 caelum
658 2764 724 2803 ac
748 2742 891 2803 deos
910 2743 1215 2816 obtestari,
1240 2743 1428 2804 donec
1447 2743 1760 2803 Mucianus
1779 2751 2022 2803 cunctos

215 2837 478 2897 eiusdem
508 2839 875 2913 sacramenti,
903 2839 1171 2899 eiusdem
1188 2839 1564 2918 imperatoris
1581 2838 1804 2900 milites
1827 2840 2023 2918 appel-

214 2934 362 3005 lanS,
419 2935 568 2995 falso
625 2936 826 2996 timori
875 2936 1114 2996 obviam
1173 2937 1326 3010 iret3
1396 2956 1656 3015 namque
1714 2943 1778 2997 et
1829 2937 2022 2997 victor

216 3033 510 3091 exercitus
539 3032 793 3093 clamore
821 3033 1091 3093 lacrimas
1120 3053 1326 3093 eorum
1348 3032 1608 3093 iuvabat.
1697 3035 1865 3113 isque
1886 3034 2020 3094 finis

127 3139 191 3190 30
220 3127 324 3187 illa
353 3127 466 3188 die.
551 3131 753 3207 paucis
770 3137 908 3209 post
929 3130 1139 3190 diebus
1162 3130 1583 3209 adloquentem
1604 3130 2017 3191 Domitianum

215 3225 434 3283 firmati
488 3226 608 3284 iam
650 3248 969 3305 excepere:
1030 3234 1324 3305 spernunt
1364 3228 1595 3288 oblatos
1638 3249 1824 3307 agros,
1871 3229 2019 3289 mili·

215 3318 358 3376 tiam
419 3326 480 3378 et
533 3320 832 3397 stipendia
886 3329 1075 3382 orant.
1163 3343 1366 3400 preces
1421 3331 1608 3398 erant,
1654 3325 1759 3384 sed
1800 3325 2017 3403 quibus
