2261 3684
233 227 349 285 104
770 222 1171 284 CORNELII
1208 222 1496 283 TAC'ITI

174 399 202 452 5
226 385 553 465 puerilibus
596 384 865 464 figendos
915 384 1222 444 obtulisse.
1308 391 1571 444 ceterum
1599 403 1796 462 neque
1826 403 1890 442 se
1935 403 2042 442 ne·

227 503 341 562 que
387 502 747 562 quemquam
776 480 1073 541 Batavum
1120 481 1185 540 in
1215 481 1400 541 verba
1427 480 1758 540 Galliarum
1806 479 2036 557 adegit,

229 580 370 639 fisus
401 580 838 640 Germanorum
882 579 1093 657 opibus
1137 586 1216 653 et,
1258 578 1309 638 si
1354 578 1703 639 certandum
1744 576 2039 638 adversus

230 677 433 737 Gallos
461 677 537 738 de
589 676 962 756 possessione
1004 696 1204 736 rerum
1252 676 1426 750 foret,
1473 675 1734 735 inclutus
1760 675 1922 734 fama
1970 680 2039 734 et

285 793 443 833 rezeda.
666 773 879 851 potior.
947 773 1195 832 Munius
1212 773 1516 851 Lupercus
1531 772 1762 851 legatus
1777 771 2036 848 legionis

127 886 187 923 10
225 867 384 928 inter
411 866 569 929 dona
596 870 810 930 missus
839 869 1154 930 Velaedae.
1257 890 1327 930 ea
1353 870 1522 948 virgo
1563 868 1823 928 nationis
1851 867 2036 928 Bruc-

225 971 387 1025 terae
425 965 543 1026 late
584 966 986 1044 imperitabat,
1026 974 1229 1027 vetere
1271 967 1429 1045 apud
1472 967 1802 1027 Germanos
1842 985 2029 1038 more,

224 1081 343 1139 quo
412 1062 721 1142 plerasque
782 1063 1139 1124 feminarum
1206 1063 1480 1123 fatidicas
1549 1070 1612 1123 et
1675 1068 2032 1140 augescente

224 1160 646 1237 superstitione
700 1160 1071 1220 arbitrantur
1142 1160 1296 1220 deas.
1412 1168 1674 1239 tuncque
1730 1159 2031 1220 Velaedae

224 1257 544 1317 auctoritas
589 1256 890 1331 adolevit3
932 1277 1071 1316 nam
1114 1277 1423 1335 prosperas
1465 1257 1778 1317 Germanis
1827 1276 1922 1316 res
1965 1261 2031 1314 et

125 1375 183 1430 15
223 1354 522 1414 excidium
575 1354 880 1432 legionum
937 1355 1328 1433 praedixerat.
1443 1354 1547 1414 sed
1602 1353 1907 1432 Lupercus
1960 1353 2027 1412 in

273 1495 406 1533 Death
448 1496 498 1543 of
523 1496 621 1534 Mu,
661 1452 877 1511 itinere
920 1451 1286 1511 interfectus.
1392 1451 1566 1530 pauci
1608 1451 2028 1511 centurionum

221 1544 324 1584 ’Μ’
339 1545 563 1594 Lupercus.
663 1549 1159 1627 tribunorumque
1186 1549 1251 1607 in
1280 1548 1477 1609 Gallia
1501 1548 1691 1627 geniti
1725 1568 2028 1608 reservan-

222 1649 324 1703 tur
385 1644 603 1723 pignus
659 1646 948 1706 societati.
1049 1645 1389 1706 cohortium
1443 1645 1669 1706 alarum
1722 1645 2029 1725 legionum

223 1741 473 1802 hiberna
500 1743 782 1803 subversa
805 1750 1200 1821 cremataque,
1232 1743 1307 1802 iis
1334 1750 1574 1802 tantum
1602 1743 1844 1816 relictis,
1873 1761 2026 1821 quae

118 1866 183 1903 20
223 1837 591 1919 Mogontiaci
618 1862 685 1901 ac
713 1839 1111 1901 Vindonissae
1140 1840 1256 1901 sita
1284 1848 1440 1901 sunt.

116 1945 197 2010 62
302 1938 496 1999 LXII.
568 1939 753 2017 Legio
808 1946 978 1999 sexta
1033 1939 1283 1999 decuma
1339 1959 1475 1998 cum
1530 1937 1772 1998 auxiliis
1843 1937 2023 1998 simul

221 2035 441 2096 deditis
470 2057 505 2096 a
532 2036 831 2097 Novaesio
858 2037 923 2096 in
945 2036 1236 2096 coloniam
1261 2036 1661 2096 Treverorum
1684 2035 2023 2115 transgredi

220 2133 476 2207 iubetur,
522 2134 837 2212 praefinita
864 2134 979 2207 die,
1011 2133 1173 2193 intra
1213 2152 1395 2211 quam
1436 2132 1653 2193 castris
1687 2133 2017 2194 excederet.

219 2231 485 2291 medium
514 2251 689 2291 omne
716 2238 952 2311 tempus
980 2251 1087 2309 per
1113 2231 1308 2290 varias
1338 2250 1506 2290 curas
1535 2250 1723 2309 egere,
1768 2230 2023 2309 ignavis·

119 2358 147 2411 5
216 2328 401 2389 simus
421 2328 671 2407 quisque
693 2348 995 2389 caesorum
1012 2328 1172 2406 apud
1182 2328 1406 2388 Vetera
1421 2327 1695 2406 exemplo
1714 2335 2014 2405 paventeS,

218 2425 427 2486 melior
453 2445 589 2503 pars
616 2427 829 2486 rubore
858 2433 920 2485 et
956 2425 1237 2486 infamia:
1281 2425 1454 2503 quaie
1476 2424 1629 2484 illud
1655 2425 1817 2484 iter‘t
1888 2426 2019 2504 quis

220 2523 345 2583 dux
387 2523 562 2583 viae‘l
621 2531 683 2583 et
731 2523 933 2583 omnia
975 2523 1041 2581 in
1090 2522 1342 2582 arbitrio
1391 2541 1614 2592 eorum,
1666 2541 1816 2599 quos
1861 2523 2019 2582 vitae

218 2622 495 2699 necisque
524 2620 795 2680 dominos
829 2620 1125 2680 fecissent.
1213 2620 1314 2678 alii
1343 2618 1509 2678 nulla
1537 2617 1843 2679 dedecoris
1881 2639 2020 2679 cura

247 2750 620 2800 mxvxtmeqion
659 2719 972 2795 pecuniam
1039 2724 1147 2777 aut
1227 2717 1528 2776 carissima
1595 2717 1838 2777 sibimet
1905 2718 2018 2795 ipsi

116 2854 176 2891 10
214 2802 401 2893 {gloz-2³
428 2801 614 2892 Ίῖβενοξξῗ
654 2814 1033 2886 circumdare,
1120 2813 1367 2891 quidam
1470 2813 1751 2891 expedire
1854 2835 2019 2875 arma

213 2915 325 2945 rum.
656 2911 910 2989 telisque
981 2918 1291 2989 tamquam
1362 2910 1425 2969 in
1494 2910 1681 2970 aciem
1769 2911 2012 2990 accingi.

213 3013 358 3072 haec
399 3009 829 3070 meditantibus
867 3008 1114 3067 advenit
1158 3006 1568 3085 proficiscendi
1617 3006 1765 3067 hora
1813 3028 2018 3086 expec-

213 3109 441 3170 tatione
509 3107 753 3167 tristior.
870 3105 1089 3184 quippe
1159 3103 1320 3163 intra
1376 3103 1601 3163 vallum
1669 3105 2017 3166 deformitas

212 3205 374 3266 haud
403 3203 652 3281 perinde
694 3202 1015 3262 notabilis:
1062 3202 1295 3261 detexit
1336 3202 1728 3279 ignominiam
1770 3223 2015 3282 campus

130 3335 187 3387 15
213 3309 275 3361 et
330 3300 471 3358 dies.
557 3299 826 3357 revulsae
881 3299 1314 3375 imperatorum
1368 3298 1676 3377 imagines,
1734 3300 2014 3363 indecora
