2261 3684
634 231 1229 292 HISTORIARUM
1265 232 1422 291 LIB.
1475 231 1540 291 V.
1877 235 1983 290 141

268 390 496 451 XXIV.
543 391 819 451 Potuisse
847 399 992 451 tunc
1021 392 1281 470 opprimi
1324 392 1587 470 legiones
1630 400 1691 452 et
1733 392 1989 452 voluisse
2015 393 2094 456 24

181 488 534 560 GermanoS‚
594 488 697 548 sed
754 489 891 548 dolo
941 511 975 548 a
1024 510 1085 549 se
1150 490 1334 549 flexos
1389 489 1693 567 inputavit
1740 490 1991 564 Civilis3

180 604 380 663 neque
446 584 725 645 abhorret
796 606 955 659 vero,
1028 586 1269 663 quando
1346 586 1549 663 paucis
1641 646 1815 684 emam
1925 657 1989 685 ro·

180 688 323 757 post
424 681 635 740 diebus
729 682 959 742 deditio
1053 684 1325 742 insecuta
1433 692 1537 742 est.
1581 707 1700 744 pom
1762 657 1923 735 tewmp
1947 698 1997 746 os

180 797 325 836 nam
420 777 667 838 Cerialis
761 799 868 857 per
955 779 1216 839 occultos
1298 780 1544 839 nuntios
1582 757 1716 796 pm&
2016 806 2043 858 5

180 875 430 936 Batavis
504 897 728 954 pacem,
800 876 981 937 Civili
1065 878 1304 936 veniam
1387 884 1712 948 ostentans,
1781 873 1989 934 Velae·

177 973 325 1032 dam
392 975 879 1052 propinquosque
947 975 1233 1034 monebat
1300 974 1603 1051 fortunam
1666 972 1825 1046 belli,
1895 978 1986 1029 tot

176 1070 451 1131 cladibus
472 1071 799 1143 adversam,
820 1082 1160 1150 opportuno
1183 1092 1321 1150 erga
1343 1074 1627 1150 populum
1649 1070 1987 1129 Romanum

175 1169 398 1228 merito
466 1176 699 1228 mutare
728 1194 739 1229 :
809 1189 1006 1228 caesos
1076 1169 1380 1241 Treveros,
1441 1177 1706 1246 receptos
1774 1167 1983 1240 Ubios,

176 1273 449 1343 ereptam
478 1265 723 1325 Batavis
752 1267 1008 1343 patriam
1031 1290 1047 1340 3
1088 1286 1283 1344 neque
1314 1267 1475 1326 aliud
1498 1266 1706 1327 Civilis
1726 1265 1988 1325 amicitia
2016 1291 2076 1327 10

177 1371 423 1441 partum
456 1382 634 1442 quam
666 1364 917 1423 vulnera
957 1363 1127 1442 fugas
1168 1364 1381 1424 luctus.
1468 1364 1702 1424 exulem
1745 1383 1884 1423 eum
1923 1371 1986 1422 et

177 1467 482 1520 extorrem
508 1460 932 1538 recipientibus
963 1461 1148 1533 oneri,
1181 1469 1243 1520 et
1270 1462 1414 1520 satis
1442 1461 1790 1538 peccavisse,
1821 1460 1983 1538 quod

175 1558 407 1617 totiens
447 1557 726 1617 Rhenum
764 1558 1262 1618 transcenderint.
1349 1559 1399 1618 si
1441 1558 1586 1636 quid
1629 1558 1788 1618 ultra
1822 1558 1982 1616 moli-

175 1663 378 1726 antur,
409 1655 548 1715 inde
578 1657 860 1716 iniuriam
890 1663 951 1715 et
980 1656 1232 1734 culpam,
1263 1656 1402 1715 hinc
1429 1656 1722 1715 ultionem
1751 1665 1814 1716 et
1840 1656 1982 1716 deos

175 1754 322 1812 fore.
2015 1775 2071 1828 15

155 1847 158 1848 ⁷
262 1851 458 1911 XXV.
508 1852 920 1911 Miscebantur
972 1851 1153 1911 minis
1213 1852 1540 1929 promissa3
1601 1860 1661 1912 et
1703 1872 1984 1912 concussa
2007 1856 2087 1919 25

176 1947 778 2008 Transrhenanorum
798 1948 917 2008 fide
945 1949 1105 2008 inter
1134 1949 1393 2008 Batavos
1421 1968 1656 2027 quoque
1684 1969 1983 2010 sermones

179 2047 335 2107 orti:
377 2066 499 2106 non
543 2045 979 2124 prorogandam
1026 2046 1189 2106 ultra
1236 2047 1487 2121 ruinam,
1530 2067 1639 2106 nec
1688 2067 1856 2125 posse
1907 2047 1981 2106 ab

178 2164 303 2203 una
328 2143 569 2203 natione
599 2144 783 2202 totius
812 2143 973 2203 orbis
1002 2144 1314 2204 servitium
1347 2143 1583 2222 depelli.
1668 2145 1814 2224 quid
1853 2165 1981 2224 pro-

177 2242 401 2301 fectum
470 2241 647 2300 caede
716 2248 777 2300 et
845 2241 1138 2300 incendiis
1213 2241 1533 2320 legionum,
1634 2303 1715 2342 m
1743 2302 1980 2341 mmmm
2009 2268 2035 2321 5

176 2338 297 2397 nisi
363 2345 432 2397 ut
499 2337 698 2415 plures
774 2337 1211 2415 validioresque
1288 2339 1538 2397 acciren-
1580 2364 1652 2413 are
1695 2353 1887 2400 disposed
1909 2356 1950 2391 ιο

176 2436 324 2494 tur?
377 2434 428 2492 si
484 2434 851 2511 Vespasiano
892 2434 1118 2493 bellum
1166 2436 1535 2509 navaverint,
1579 2415 1670 2452 awa
1687 2414 1748 2451 Μ’
1766 2403 1830 2442 ‘h‘
1848 2413 1951 2442 war.

174 2531 612 2608 Vespasianum
707 2551 906 2590 rerum
989 2531 1211 2609 potiri:
1321 2532 1411 2590 sin
1496 2531 1783 2610 populum
1866 2529 1979 2588 Ro-

171 2648 424 2689 manum
503 2627 683 2687 armis
762 2635 992 2702 vocent,
1078 2636 1326 2705 quotam
1419 2636 1650 2706 partem
1746 2626 1978 2705 generis

172 2725 424 2786 humani
453 2724 713 2784 Batavos
742 2727 911 2785 esse?
964 2726 1330 2803 respicerent
1358 2725 1579 2786 Raetos
1610 2725 1977 2802 Noricosque
2009 2758 2069 2794 10

174 2831 240 2883 et
282 2830 613 2883 ceterorum
656 2842 837 2882 onera
878 2823 1213 2882 sociorum:
1257 2822 1372 2881 sibi
1413 2843 1536 2883 non
1583 2822 1825 2894 tributa,
1873 2821 1975 2881 sed

171 2921 466 2980 virtutem
495 2927 556 2979 et
592 2920 753 2979 viros
793 2919 990 2980 indici.
1078 2920 1423 2998 proximum
1463 2921 1528 2980 id
1570 2920 1834 2980 libertati
1858 2941 1874 2992 3
1915 2926 1977 2978 et

173 3019 226 3078 si
255 3017 634 3077 dominorum
663 3017 873 3077 electio
902 3017 998 3091 sit,
1030 3017 1340 3077 honestius
1369 3018 1664 3096 principes
1685 3018 1977 3077 Romano-

173 3137 310 3176 rum
338 3125 518 3195 quam
556 3115 988 3175 Germanorum
1030 3116 1284 3176 feminas
1325 3115 1580 3175 tolerari.
1665 3114 1810 3175 haec
1852 3116 1979 3175 vul-

171 3234 299 3293 gus,
332 3233 602 3292 proceres
644 3213 974 3272 atrociora:
1019 3213 1230 3273 Civilis
1271 3213 1434 3272 rabie
1477 3220 1665 3272 semet
1703 3212 1767 3271 in
1812 3233 1977 3273 arma
2007 3242 2062 3295 15

175 3321 415 3385 trusos3
477 3310 648 3369 illum
691 3309 1030 3370 domesticis
1070 3309 1242 3369 malis
1284 3309 1579 3369 excidium
1627 3310 1823 3387 gentis
1878 3312 1976 3370 ob-
