2261 3684
261 214 286 271 l
301 213 374 271 10
796 208 1192 270 CORNELII
1231 207 1334 267 TA
1344 207 1428 266 C'I
1429 207 1509 265 TI

251 371 376 430 vim
438 372 770 431 Romanam
839 369 1118 448 pacisque
1187 369 1344 428 bona
1396 367 1721 427 dissertans
1777 373 1839 426 et
1894 365 2058 425 sumi

253 468 474 528 bellum
517 468 699 528 etiam
741 467 817 526 ab
858 466 1108 545 ignaviS‚
1147 464 1544 525 strenuissimi
1581 464 1864 542 cuiusque
1904 462 2059 541 peri-

253 564 386 625 culo
429 565 572 644 geri,
626 564 863 642 iamque
915 582 1094 641 super
1143 568 1322 640 caput
1363 561 1641 640 legiones,
1693 559 2057 639 sapientissi-

197 674 225 728 5
253 681 418 720 mum
474 681 770 739 quemque
800 659 1138 721 reverentia
1194 659 1446 737 fideque,
1479 659 1740 719 iuniores
1785 656 2056 737 periculo

252 778 319 817 ac
372 766 540 818 metu
608 758 946 817 continuit:
1024 762 1085 815 et
1140 754 1451 816 Valentini
1519 755 1786 815 animum
1854 753 2058 814 lauda·

250 854 415 929 bant,
474 855 788 915 consilium
830 853 1109 932 Auspicis
1159 853 1576 931 sequebantur.
1664 858 1901 912 constat
1954 851 2057 912 ob-

250 951 474 1012 stitisse
515 952 791 1012 Treveris
831 951 1321 1030 Lingonibusque
1377 949 1539 1028 apud
1593 949 1839 1021 Gallias,
1891 947 2056 1027 quod

251 1049 524 1109 Vindicis
572 1056 741 1110 motu
796 1068 932 1108 cum
985 1047 1281 1126 Verginio
1337 1054 1645 1107 steterant.
1757 1046 2057 1106 deterruit

168 1160 227 1197 10
251 1147 565 1225 plerosque
591 1137 1037 1225 provinciarum
1065 1144 1422 1205 aemulatio:
1465 1144 1629 1222 quod
1645 1144 1804 1204 bello
1832 1145 2056 1222 caput?

248 1243 409 1304 unde
450 1244 542 1304 ius
579 1243 1025 1322 auspiciumque
1068 1244 1417 1319 peteretur?
1507 1260 1704 1318 quam,
1748 1242 1799 1300 si
1842 1247 2058 1300 cuncta

249 1341 685 1419 provenissent,
756 1339 960 1400 sedem
1027 1338 1278 1416 imperio
1347 1338 1658 1417 legerent?
1784 1337 2057 1397 nondum

249 1438 516 1510 victoria,
548 1438 669 1497 iam
711 1435 1009 1497 discordia
1040 1442 1188 1507 erat,
1220 1435 1353 1494 aliis
1392 1435 1648 1506 foedera,
1694 1433 2057 1513 quibusdam

251 1554 392 1612 opes
447 1535 723 1612 viresque
777 1540 882 1594 aut
935 1539 1302 1592 vetustatem
1372 1533 1618 1611 originis
1685 1552 1793 1611 per
1861 1531 2057 1609 iurgia

168 1639 225 1693 15
249 1631 649 1691 iactantibus:
719 1630 920 1690 taedio
975 1629 1321 1698 futurorum
1370 1628 1706 1706 praesentia
1759 1628 2052 1707 placuere.

298 1771 377 1810 m
401 1770 563 1810 ,mm
578 1782 652 1811 a„
691 1727 1033 1788 scribuntur
1059 1725 1137 1785 ad
1166 1726 1454 1786 Treveros
1484 1726 1772 1806 epistulae
1808 1725 2058 1785 nomine

250 1820 425 1871 masor
443 1832 544 1861 ‘0⁰⁷'-
694 1824 1039 1897 Galliarum,
1111 1829 1184 1884 ut
1250 1823 1621 1885 abstinerent
1687 1823 1886 1897 armis,
1949 1823 2053 1882 im·

249 1920 527 1999 petrabili
549 1921 727 1981 venia
754 1928 813 1981 et
833 1921 1059 1999 paratis
1082 1919 1581 1998 deprecatoribus,
1605 1921 1655 1980 si
1682 1920 2057 1999 paeniteret:

249 2016 473 2076 restitit
513 2015 673 2076 idem
715 2016 1073 2078 Valentinus
1132 2016 1554 2095 obstruxitque
1597 2015 1858 2077 civitatis
1912 2036 2057 2076 suae

163 2133 227 2170 20
250 2133 436 2185 aures,
480 2113 642 2173 haud
682 2114 931 2193 perinde
970 2111 1326 2173 instruendo
1366 2113 1523 2174 bello
1563 2114 1833 2175 intentus
1871 2133 2055 2191 quam

250 2209 527 2287 frequens
555 2212 949 2271 contionibus.

144 2305 225 2370 70
328 2306 519 2366 LXX.
565 2307 759 2387 Igitur
784 2329 907 2368 non
928 2306 1175 2367 Treveri
1204 2326 1396 2384 neque
1417 2306 1718 2387 Lingones
1748 2314 2058 2368 ceteraeve

247 2403 561 2463 rebellium
615 2406 890 2466 civitates
943 2424 1053 2483 pro
1124 2403 1538 2482 magnitudine
1608 2406 1869 2483 suscepti
1939 2405 2053 2465 dis-

248 2501 512 2560 criminis
541 2521 714 2580 agere
735 2524 753 2576 3
796 2523 871 2562 ne
898 2501 1079 2562 duces
1118 2502 1361 2582 quidem
1405 2504 1470 2564 in
1496 2522 1688 2563 unum
1725 2502 2051 2577 consulere,

247 2597 353 2657 sed
382 2598 592 2657 Civilis
634 2599 770 2658 avia
809 2598 1129 2678 Belgarum
1158 2600 1524 2673 circumibat,
1556 2599 1701 2659 dum
1730 2600 2055 2660 Claudium

193 2709 221 2762 5
246 2694 589 2755 Labeonem
644 2716 851 2774 capere
908 2704 1013 2756 aut
1057 2699 1378 2758 exturbare
1427 2698 1647 2757 nititur
1664 2720 1682 2771 3
1754 2696 2054 2758 Classicus

247 2812 426 2871 segne
468 2793 819 2871 plerumque
861 2794 1050 2854 otium
1092 2796 1337 2855 trahens
1379 2796 1544 2855 velut
1585 2802 1759 2873 parto
1800 2794 2053 2872 imperio

244 2889 592 2964 fruebatur3
652 2910 725 2949 ne
782 2890 974 2951 Tutor
1016 2892 1261 2970 quidem
1309 2892 1638 2952 maturavit
1680 2891 2054 2969 superiorem

244 2986 596 3066 Germaniae
622 2988 816 3065 ripam
844 2995 906 3048 et
933 2990 1118 3049 ardua
1146 2990 1396 3068 Alpium
1416 2989 1727 3067 praesidiis
1755 2988 2047 3049 claudere.

242 3091 421 3161 atque
503 3085 747 3144 interim
830 3086 1335 3146 unaetvicensima
1416 3086 1572 3164 legio
1662 3085 2048 3158 Vindonissa,

144 3196 203 3231 10
246 3178 534 3239 Sextilius
577 3181 751 3240 Felix
800 3202 933 3242 cum
988 3183 1323 3243 auxiliariis
1365 3183 1712 3244 cohortibus
1753 3202 1862 3260 per
1902 3183 2052 3242 Rae·

247 3275 394 3333 tiam
433 3276 751 3352 inrupere;
795 3279 1039 3338 accessit
1065 3280 1161 3338 ala
1203 3279 1624 3357 Singularium,
1667 3281 1864 3339 excita
1906 3279 2050 3339 olim
