2261 3684
254 273 289 331 7
295 271 330 327 8
793 262 1192 325 CORNELII
1230 261 1334 322 TA
1344 258 1515 320 G'ITI

334 428 622 507 Ingressis
665 426 1030 486 Novaesium
1072 429 1244 481 sexta
1285 420 1533 480 decuma
1565 417 1719 496 legio
1751 415 2067 493 coniungi-

252 533 367 584 tur.
454 523 695 583 additus
724 520 988 582 Voculae
1023 522 1087 578 in
1125 525 1360 596 partem
1394 535 1670 575 curarum
1709 513 2065 573 Herennius

251 621 461 682 Gallus
515 619 787 698 legatus;
841 637 951 676 nec
1004 616 1137 675 ausi
1189 614 1267 674 ad
1322 613 1556 672 hostem
1603 630 1849 689 pergere
1902 608 2063 685 (loco

174 720 231 773 15
626 775 635 784 ‚
698 711 973 772 Gelduba
1014 730 1231 770 nomen
1289 709 1406 789 est)
1449 716 1642 768 castra
1680 708 1887 767 fecere.
1976 706 2065 765 ibi

247 778 414 871 smv‘ffoea
429 785 550 863 “a”t‘p
568 786 657 864 οιίῗ
697 808 982 867 struenda
1049 808 1191 879 acie,
1262 805 1590 866 muniendo
1658 803 2064 880 vallandoque

256 874 384 913 dm
694 913 757 964 et
818 905 1028 964 ceteris
1090 903 1232 962 belli
1302 901 1748 963 meditamentis
1802 900 2064 960 militem

258 1000 588 1059 firmabant.
692 1009 876 1079 utque
917 1000 1139 1079 praeda
1178 1000 1256 1059 ad
1297 1001 1584 1059 virtutem
1617 997 2059 1068 accenderetur,

258 1097 319 1156 in
390 1098 693 1175 proximos
762 1098 1174 1176 Cugernorum
1257 1115 1457 1174 pagos,
1528 1095 1631 1173 qui
1713 1093 2062 1154 societatem

170 1208 233 1244 20
259 1193 469 1255 Civilis
512 1202 881 1272 acceperant,
926 1194 1142 1252 ductus
1182 1213 1220 1253 a
1260 1192 1491 1252 Vocula
1538 1191 1832 1251 exercitus
1856 1212 1874 1264 3
1920 1209 2062 1267 pars

258 1311 392 1350 cum
424 1290 729 1351 Herennio
758 1289 932 1351 Gallo
962 1290 1260 1350 remansit.

151 1394 232 1458 27
339 1387 601 1448 XXVII.
646 1388 828 1448 Forte
856 1407 1069 1447 navem
1096 1386 1259 1446 haud
1289 1385 1493 1464 procul
1512 1384 1735 1456 castriS,
1753 1385 2062 1444 frumento

255 1504 514 1563 gravem,
558 1505 694 1544 cum
734 1504 842 1562 per
880 1484 1035 1544 vada
1075 1483 1382 1553 haesisset,
1426 1482 1713 1542 Germani
1768 1481 1831 1541 in
1888 1501 2063 1540 suam

257 1581 446 1659 ripam
477 1581 813 1642 trahebant.
897 1600 1020 1640 non
1048 1579 1191 1639 tulit
1220 1579 1428 1639 Gallus
1468 1579 1748 1656 misitque
1789 1577 2062 1637 subsidio

257 1677 585 1738 cohortem:
631 1684 841 1736 auctus
870 1683 933 1736 et
961 1675 1398 1736 Germanorum
1422 1695 1720 1746 numerus,
1746 1674 2062 1751 paulatim-

205 1805 232 1857 5
257 1794 372 1853 que
401 1773 864 1853 adgregantibus
887 1793 949 1832 se
969 1772 1207 1832 auxiliis
1229 1773 1352 1832 acie
1373 1777 1680 1831 certatum.
1770 1770 2063 1831 Germani

260 1872 448 1931 multa
476 1891 612 1931 cum
639 1879 837 1949 strage
865 1878 1208 1931 nostrorum
1236 1889 1452 1930 navem
1484 1869 1806 1947 abripiunt.
1891 1869 2057 1942 victi,

258 1969 420 2046 quod
448 1976 580 2028 tum
607 1969 671 2027 in
698 1988 925 2027 morem
953 1973 1233 2039 verterat,
1265 1987 1387 2027 non
1415 1986 1582 2026 suam
1610 1967 1929 2043 ignaviam,
1953 1965 2061 2026 sed

257 2065 572 2142 perfidiam
614 2064 796 2143 legati
838 2063 1174 2141 culpabant.
1289 2069 1659 2140 protractum
1701 2082 1734 2121 e
1775 2062 2057 2135 tentorio,

258 2162 438 2222 scissa
492 2168 676 2234 veste,
723 2161 1037 2220 verberato
1092 2178 1354 2237 corpore,
1400 2178 1519 2237 quo
1573 2159 1785 2236 preti0‚
1842 2159 2062 2236 quibus

176 2287 235 2323 10
258 2258 504 2318 consciis
552 2255 915 2336 prodidisset
956 2256 1302 2329 exercitum,
1349 2254 1544 2315 dicere
1585 2255 1813 2315 iubent.
1901 2256 2063 2315 redit

258 2396 543 2496 &azam
558 2406 656 2445 cup·
696 2353 761 2412 in
791 2352 1207 2508 llffordeplnium
1235 2351 1504 2507 invidia:
1545 2351 1711 2411 illum
1753 2358 2063 2507 aglctiorem

422 2473 434 2485 ·
702 2469 795 2510 sce
821 2469 953 2523 erm,
1040 2469 1160 2509 unc
1200 2469 1381 2508 m1n1s
1410 2468 1546 2508 rum
1586 2468 1775 2508 vocan
1804 2494 1819 2521 ,
1914 2468 2062 2508 onec

259 2546 516 2607 exitium
554 2545 973 2606 minitantibus
1015 2546 1338 2606 exterritus
1378 2545 1782 2623 proditionem
1823 2552 1887 2605 et
1931 2546 2061 2624 ipse

258 2644 607 2705 Hordeonio
689 2644 945 2718 obiecit3
1033 2643 1390 2721 vinctusque
1470 2644 1737 2703 adventu
1818 2643 2061 2704 demum

176 2768 230 2822 15
261 2741 522 2802 Voculae
551 2740 897 2801 exsolvitur.
981 2740 1033 2799 is
1060 2747 1300 2818 postera
1328 2740 1425 2800 die
1453 2747 1721 2799 auctores
1749 2739 2060 2801 seditionis

256 2846 449 2898 morte
492 2836 747 2897 adfecit:
817 2843 989 2896 tanta
1034 2836 1126 2895 illi
1172 2837 1461 2896 exercitui
1505 2836 1822 2896 diversitas
1862 2837 2062 2898 inerat

256 2935 532 2995 licentiae
575 2933 1032 3011 patientiaeque.
1118 2932 1282 2993 haud
1321 2933 1502 2993 dubie
1542 2934 1849 3011 gregarius
1888 2933 2059 2993 miles

256 3031 505 3091 Vitellio
526 3029 698 3103 fidus,
724 3029 1239 3106 splendidissimus
1260 3030 1512 3107 quisque
1538 3029 1605 3088 in
1624 3028 2057 3108 Vespasianum

256 3128 431 3205 proni
458 3151 471 3188 ε
511 3127 653 3186 inde
682 3125 970 3186 scelerum
998 3146 1065 3185 ac
1093 3125 1519 3203 suppliciorum
1546 3125 1708 3185 vices
1735 3134 1798 3185 et
1832 3127 2057 3187 mixtus

170 3254 232 3288 20
258 3223 544 3298 obsequio
585 3223 769 3294 furor,
809 3228 883 3280 ut
926 3222 1221 3280 contineri
1263 3242 1385 3281 non
1430 3230 1671 3300 possent
1712 3223 1817 3300 qui
1857 3224 2052 3300 puniri

259 3322 552 3393 poterant.
