2261 3684
287 272 365 329 58
571 268 962 329 CORNELII
1000 268 1286 329 ΤΑΟῙΤΙ
1319 268 1527 329 HIST.
1573 269 1728 329 LIB.
1773 267 1896 327 III.

284 437 543 491 ratorem
601 430 726 490 eius
781 429 963 489 fuisse
1017 429 1367 507 respondit3
1435 450 1502 489 ac
1557 429 1773 489 deinde
1835 425 2089 506 ingestis

285 527 632 588 vulneribus
662 527 935 587 concidit.
1026 535 1087 587 et
1104 526 1320 605 vulgus
1342 527 1550 587 eadem
1577 527 1874 605 pravitate
1902 525 2089 584 insec-

286 625 527 685 tabatur
553 624 954 697 interfectum,
988 644 1107 703 qua
1148 625 1383 684 foverat
1410 625 1729 684 viventem.

177 711 259 783 86
367 721 708 781 LXXXVI.
796 721 1001 780 Patria
1079 720 1172 780 illi
1255 722 1538 782 Luceria:
1621 721 1942 799 septimum
2021 722 2087 776 et

284 819 885 898 quinquagensimum
967 818 1181 879 aetatis
1264 839 1488 879 annum
1570 819 1864 897 explebat,
1951 835 2084 876 con-

283 916 560 989 sulatum,
679 915 1026 991 sacerdotia,
1152 936 1373 977 nomen
1488 917 1802 1004 locumque
1924 914 2084 973 inter

283 1013 571 1091 primores
641 1012 806 1072 nulla
874 1033 980 1072 sua
1047 1013 1362 1088 industria,
1436 1013 1539 1074 sed
1608 1021 1822 1073 cuncta
1891 1010 2081 1089 patris

227 1122 255 1176 5
281 1110 636 1171 claritudine
698 1110 964 1188 adeptus.
1072 1112 1475 1191 principatum
1518 1112 1571 1172 ei
1640 1110 1907 1171 detulere
1975 1108 2080 1185 qui

280 1208 478 1287 ipsum
572 1227 694 1267 non
801 1214 1135 1269 noverant:
1245 1208 1445 1269 studia
1539 1209 1836 1269 exercitus
1944 1225 2079 1265 raro

280 1307 555 1383 cuiquam
636 1304 809 1365 bonis
877 1305 1106 1365 artibus
1181 1306 1450 1383 quaesita
1516 1305 1765 1385 perinde
1833 1303 2079 1364 adfuere

279 1422 458 1481 quam
486 1402 624 1462 huic
650 1421 758 1480 per
782 1401 1099 1481 ignaviam.
1187 1402 1382 1463 inerat
1408 1410 1608 1462 tamen
1637 1400 1986 1479 simplicitas
2011 1418 2078 1457 ac

279 1518 357 1558 ffls
374 1517 602 1557 character.
716 1497 1059 1573 liberalitas,
1121 1520 1291 1578 quae,
1363 1500 1426 1558 ni
1494 1499 1652 1559 adsit
1711 1498 1941 1572 modus,
2012 1496 2077 1554 in

194 1612 254 1648 10
279 1593 531 1652 exitium
599 1602 934 1656 vertuntur.
1061 1596 1355 1656 amicitias
1437 1597 1581 1656 dum
1662 1593 2076 1675 magnitudine

277 1710 608 1765 munerum,
669 1711 789 1751 non
846 1693 1184 1754 constantia
1244 1713 1479 1754 morum
1533 1692 1826 1754 contineri
1880 1698 2073 1769 putat,

277 1787 497 1847 meruit
537 1789 726 1869 magis
763 1809 941 1869 quam
971 1790 1197 1851 habuit.
1284 1791 1372 1851 rei
1399 1790 1667 1870 publicae
1694 1788 1856 1851 haud
1894 1788 2074 1849 dubie

274 1885 563 1946 intererat
591 1886 907 1948 Vitellium
934 1889 1107 1963 vinci,
1142 1888 1246 1948 sed
1274 1890 1572 1968 imputare
1598 1887 1912 1967 perfidiam
1952 1906 2073 1946 non

275 1991 525 2061 possunt
564 1985 669 2063 qui
709 1985 1030 2046 Vitellium
1065 1986 1432 2065 Vespasiano
1474 1985 1805 2064 prodidere,
1848 2005 1984 2044 cum
2039 2004 2075 2044 a

192 2096 249 2150 15
275 2079 468 2140 Galba
495 2081 896 2142 descivissent.

353 2176 675 2255 Praecipiti
702 2179 767 2238 in
788 2199 1059 2240 occasum
1081 2179 1179 2240 die
1209 2181 1285 2241 ob
1301 2200 1585 2259 pavorem
1611 2179 2072 2258 magistratuum

273 2281 745 2354 senatorumque,
804 2277 907 2354 qui
962 2276 1178 2356 dilapsi
1224 2297 1300 2337 ex
1355 2277 1502 2337 urbe
1550 2284 1654 2337 aut
1707 2295 1816 2354 per
1862 2275 2071 2338 domos

272 2370 578 2432 clientium
600 2380 786 2433 semet
808 2374 1202 2447 occultabant,
1226 2375 1427 2435 vocari
1448 2380 1686 2434 senatus
1706 2393 1830 2434 non
1852 2374 2067 2452 potuit.

270 2468 701 2544 Domitianum,
750 2477 1068 2549 postquam
1115 2470 1269 2530 nihil
1308 2471 1525 2531 hostile
1554 2472 1949 2545 metuebatur,
1994 2471 2071 2532 ad

185 2586 247 2622 20
271 2566 449 2626 duces
477 2568 737 2644 partium
770 2587 1147 2647 progressum
1175 2575 1237 2628 et
1278 2568 1591 2630 Caesarem
1633 2568 2070 2629 consalutatum

270 2663 440 2723 miles
467 2663 746 2743 frequens
766 2672 954 2744 utque
975 2672 1106 2726 erat
1132 2665 1195 2725 in
1223 2666 1403 2726 armis
1431 2666 1496 2726 in
1522 2673 1802 2746 paternos
1822 2675 2070 2745 penates

269 2760 540 2821 deduxit.
