2261 3684
674 250 1127 314 HISTORIAR
1141 251 1263 312 UM
1305 250 1460 311 LIB.
1506 250 1626 310 III.
1977 253 2053 311 53

244 413 523 475 Muciani
552 413 919 493 composita;
962 413 1208 491 quidam
1252 412 1517 471 omnium
1558 412 1623 471 id
1665 413 1882 472 ducum
1924 432 2055 473 con·
2087 427 2146 463 10

244 509 456 569 silium
508 509 704 583 fuisse,
765 517 1065 570 ostentare
1122 509 1323 587 potius
1393 508 1528 568 urbi
1598 508 1821 568 bellum
1876 529 2055 587 quam

244 605 490 680 inferre,
562 607 805 685 quando
874 605 1279 667 validissimae
1348 605 1620 666 cohortes
1707 626 1742 665 a
1809 605 2056 666 Vitellio

243 703 661 776 descivissent,
709 711 772 764 et
816 704 1057 764 abscisis
1104 703 1380 763 omnibus
1424 702 1738 781 praesidiis
1788 723 2056 763 cessurus

244 801 508 879 imperio
556 800 913 861 videbat-ur:
977 800 1084 861 sed
1139 807 1354 861 cuncta
1395 800 1794 874 festinatione,
1841 800 2058 860 deinde

246 897 499 976 ignavia
544 898 752 958 Sabini
800 905 1094 975 corrupta,
1145 897 1248 975 qui
1298 896 1552 975 sumptis
1600 904 1824 957 temere
1879 897 2058 957 armis
2090 908 2146 962 15

247 995 719 1055 munitissimam
763 994 1049 1074 Capitolii
1092 1014 1284 1055 arcem
1330 1001 1392 1054 et
1434 1013 1509 1054 ne
1554 994 1785 1073 magnis
1814 994 2058 1072 quidem

242 1091 621 1152 exercitibus
650 1090 1113 1170 expugnabilem
1143 1090 1429 1151 adversus
1458 1091 1570 1151 tris
1599 1091 1875 1151 cohortes
1902 1092 2059 1152 tueri

253 1188 640 1268 nequivisset.
696 1188 859 1249 haud
880 1188 1052 1249 facile
1075 1188 1209 1267 quis
1236 1189 1342 1248 uni
1371 1187 1777 1267 adsignaverit
1805 1189 2054 1266 culpam,

257 1306 415 1366 quae
483 1287 749 1347 omnium
800 1270 948 1345 ‘fuit
1045 1305 1184 1345 nam
1255 1291 1316 1345 et
1383 1285 1700 1345 Mucianus
1768 1285 2061 1363 ambiguis

256 1382 534 1462 epistulis
562 1384 818 1443 victores
846 1382 1208 1455 morabatur,
1243 1389 1305 1442 et
1332 1382 1636 1442 Antonius
1679 1391 2060 1461 praepostero
2088 1404 2153 1440 20

257 1481 565 1559 obsequio,
597 1479 695 1540 vel
740 1480 886 1539 dum
929 1479 1152 1558 regerit
1197 1477 1507 1550 invidiam,
1538 1479 1758 1539 crimen
1803 1479 2062 1554 meruit3

259 1577 564 1655 ceterique
597 1576 777 1636 duces
813 1576 961 1636 dum
1001 1584 1310 1655 peractum
1352 1576 1576 1636 bellum
1615 1583 1851 1654 putant,
1883 1578 2062 1637 finem

258 1675 389 1736 eius
438 1673 818 1752 insignivere.
906 1692 983 1732 ne
1031 1672 1285 1732 Petilius
1335 1673 1578 1751 quidem
1626 1673 1890 1747 Cerialis,
1929 1694 2062 1734 cum

258 1771 427 1832 mille
470 1771 779 1850 equitibus
820 1770 1196 1849 praemissus,
1243 1776 1311 1829 ut
1351 1770 1708 1830 transversis
1748 1770 2065 1831 itineribus

259 1890 370 1949 per
397 1890 609 1948 agrum
637 1869 928 1929 Sabinum
957 1867 1188 1928 Salaria
1215 1868 1316 1927 via
1343 1868 1554 1928 urbem
1596 1868 1889 1942 introiret,
1921 1870 2065 1930 satis
2093 1887 2153 1941 25

259 1973 685 2038 maturaverat,
733 1965 919 2027 donec
978 1965 1202 2025 obsessi
1265 1963 1547 2043 Capitolii
1604 1965 1763 2025 fama
1824 1974 2065 2028 cunctos

262 2062 444 2124 simul
473 2063 712 2123 exciret.

344 2160 630 2220 LXXIX.
677 2159 985 2219 Antonius
1028 2178 1136 2236 per
1175 2157 1532 2219 Flaminiam
1573 2159 1650 2219 ad
1693 2160 1852 2221 Saxa
1890 2162 2068 2222 rubra
2092 2157 2172 2222 79

262 2258 460 2317 multo
501 2257 622 2316 iam
663 2256 857 2316 noctis
899 2276 1098 2316 serum
1140 2254 1432 2316 auxilium
1458 2256 1644 2317 venit.
1729 2257 1851 2318 illic
1892 2258 2069 2319 inter·

263 2355 491 2417 fectum
544 2354 852 2425 Sabinum,
912 2354 1304 2431 conflagrasse
1374 2352 1756 2433 Capitolium,
1815 2362 2068 2416 tremere

263 2453 494 2525 urbem,
545 2458 771 2512 maesta
825 2451 1025 2511 omnia
1078 2450 1332 2530 accepit3
1392 2451 1627 2529 plebem
1725 2495 1805 2534 m
1865 2496 2070 2536 Flaviana

265 2566 506 2627 quoque
562 2553 625 2607 et
677 2547 923 2608 servitia
962 2566 1072 2625 pro
1112 2546 1363 2607 Vitellio
1413 2548 1631 2606 armari
1672 2545 1800 2594 ‘’W“
1817 2546 1952 2586 ΒΜ·
2099 2571 2127 2626 5

266 2645 676 2706 nuntiabatur.
791 2650 855 2704 et
906 2643 1123 2704 Petilio
1182 2642 1398 2704 Ceriali
1453 2652 1726 2722 equestre
1780 2647 2071 2723 proelium

266 2742 587 2804 adversum
647 2742 880 2815 fuerat;
947 2760 1206 2819 namque
1267 2741 1576 2801 incautum
1638 2749 1700 2802 et
1767 2749 2071 2821 tamquam

267 2839 348 2901 ad
376 2839 568 2899 victos
608 2846 882 2898 ruentem
909 2837 1239 2909 Vitelliani,
1269 2837 1617 2900 interiectus
1659 2839 1847 2918 equiti
1874 2841 2070 2918 pedes,

267 2956 571 3016 excepere.
655 2942 989 3015 pugnatum
1032 2935 1193 2995 haud
1220 2936 1424 3014 procul
1452 2937 1599 2996 urbe
1625 2937 1785 2996 inter
1811 2937 2077 2998 aedificia

267 3029 596 3112 hortosque
628 3039 691 3093 et
718 3033 1017 3093 anfractus
1045 3032 1293 3106 viarum,
1325 3051 1477 3110 quae
1503 3053 1688 3111 gnara
1713 3032 2073 3108 Vitellianis,
2107 3061 2166 3097 10

268 3133 621 3209 inconperta
677 3129 948 3190 hostibus
1003 3136 1231 3188 metum
1286 3129 1562 3189 fecerant.
1649 3148 1843 3207 neque
1885 3133 2077 3193 omnis

269 3248 451 3308 eques
494 3246 755 3300 concors,
800 3226 1097 3287 adiunctis
1139 3224 1512 3303 quibusdam,
1542 3226 1647 3302 qui
1687 3244 1878 3302 nuper
1918 3229 2077 3303 apud

270 3325 566 3387 Narniam
627 3323 820 3384 dediti
887 3323 1194 3383 fortunam
1270 3321 1535 3397 partium
1602 3321 2072 3398 speculabantur.

2177 3471 2202 3520 f

2213 3431 2245 3457 A
