2261 3684
222 268 300 327 20
758 265 1160 329 CORNELII
1195 265 1301 327 ΤΑ
1309 266 1480 327 CITI

217 429 509 507 inrupisse
552 428 615 490 C.
653 428 970 489 Volusium
1017 429 1232 488 tertiae
1273 428 1525 507 legionis
1565 428 1819 489 militem
1861 428 2027 489 inter

217 547 422 587 omnes
463 535 735 588 auctores
762 516 1032 586 constat.
1119 527 1171 585 is
1218 526 1284 585 in
1325 526 1551 586 vallum
1592 543 1880 604 egressus,
1924 526 2025 586 de-

215 626 473 685 turbatis
528 626 631 704 qui
687 626 1051 699 restiterant,
1103 625 1453 703 conspicuus
1517 645 1698 684 manu
1754 644 1822 684 ac
1876 645 2025 685 voce

216 729 390 801 capta
438 729 630 782 castra
677 722 1109 797 conclamavit3
1159 723 1338 781 ceteri
1380 721 1631 800 trepidis
1671 722 1789 781 iam
1832 721 2025 782 Vitel-

131 844 188 897 15
214 816 596 901 lianissseque
626 840 658 880 6
685 820 844 880 vallo
872 819 1420 897 praecipitantibus.
1447 820 1777 897 perrupere.
1865 839 2023 879 com·

214 906 416 995 pletur
462 917 642 978 caede
685 925 974 995 quantum
1023 916 1184 977 inter
1231 923 1424 976 castra
1478 935 1796 994 murosque
1843 916 2018 976 vacui

214 1014 345 1074 fuit.

106 1108 187 1172 30
294 1110 489 1170 XXX.
537 1111 628 1171 Ac
655 1130 860 1170 rursus
887 1130 1043 1171 nova
1070 1110 1344 1170 laborum
1375 1109 1590 1171 facies:
1629 1110 1818 1170 ardua
1848 1111 2019 1171 urbis

212 1210 464 1279 moenia,
484 1228 696 1268 saxeae
723 1214 934 1282 turres,
964 1207 1173 1281 ferrati
1197 1214 1508 1285 portarum
1536 1208 1749 1282 obices,
1773 1209 2020 1268 vibrans

213 1306 331 1367 tela
358 1306 544 1379 miles,
577 1298 855 1384 frequens
897 1306 1335 1383 obstrictusque
1364 1304 1704 1365 Vitellianis
1743 1306 2028 1411 partibus
2107 1340 2114 1349 ›

212 1403 627 1465 Cremonensis
681 1403 954 1481 populus,
1004 1422 1222 1480 magna
1277 1422 1412 1479 pars
1467 1401 1680 1462 Italiae
1736 1383 1948 1463 stato
1951 1403 2017 1462 in

155 1520 184 1575 5
210 1501 450 1562 eosdem
494 1500 622 1560 dies
666 1508 931 1560 mercatu
978 1508 1350 1579 congregata,
1397 1498 1559 1578 quod
1603 1500 2018 1561 defensoribus

209 1598 503 1659 auxilium
571 1598 648 1658 ob
717 1596 1184 1671 multitudinem,
1251 1583 1753 1707 obpugnantibus
1800 1597 2019 1695 incita-

210 1704 482 1755 mentum
551 1694 627 1754 ob
695 1694 977 1804 praedam
1041 1700 1183 1754 erat.
1286 1693 1416 1772 rapi
1459 1664 1694 1772 181166
1711 1678 2048 1755 Antonius
2121 1692 2128 1693 ⁷

210 1793 535 1871 inferrique
572 1791 1003 1853 amoenissimis
1038 1799 1210 1852 extra
1250 1790 1462 1853 urbem
1503 1790 1785 1851 aedificiis
1825 1791 2013 1868 iubet,

211 1892 261 1951 si
290 1891 509 1951 damno
546 1910 747 1950 rerum
788 1910 1032 1958 suarum
1073 1889 1500 1949 Cremonenses
1542 1888 1619 1948 ad
1660 1889 2015 1951 mutandam

127 2013 185 2048 10
211 1989 391 2049 fidem
433 1988 830 2048 traherentur.
915 1986 1253 2066 propinqua
1290 1987 1477 2047 muris
1514 1993 1675 2046 tecta
1716 1994 1778 2046 et
1814 1988 2018 2047 altitu-

209 2086 413 2146 dinem
453 2085 756 2146 moenium
805 2104 1073 2190 egressa
1083 2084 1411 2154 fortissimo
1460 2103 1697 2162 quoque
1746 2083 2015 2145 militum

209 2183 501 2261 complet,
562 2182 651 2241 illi
692 2182 966 2242 trabibus
1007 2149 1347 2260 tegulisque
1388 2189 1451 2241 et
1489 2181 1718 2242 facibus
1759 2202 2016 2262 propug-

209 2288 447 2341 natores
475 2279 814 2340 deturbant.

102 2373 180 2438 31
291 2376 523 2436 XXXI.
570 2377 700 2436 Iam
726 2376 1036 2455 legiones
1017 2395 1081 2435 111
1110 2376 1479 2446 testudinem
1505 2376 2009 2455 glomerabantur,

209 2482 271 2535 et
325 2473 428 2534 alii
488 2473 610 2534 tela
677 2493 937 2551 saxaque
992 2467 1404 2545 incutiebant,'
1421 2469 1575 2533 ='cum
1630 2472 2012 2553 languescere

207 2571 498 2650 paulatim
525 2570 988 2631 Vitellianorum
1031 2570 1231 2629 animi.
1318 2577 1387 2630 ut
1428 2571 1562 2649 quis
1605 2571 1814 2631 ordine
1848 2579 2014 2633 ante-

207 2671 351 2744 ibat,
410 2667 617 2729 cedere
671 2669 963 2741 fortunae,
1022 2687 1098 2727 ne
1156 2669 1450 2727 Cremona
1518 2688 1757 2747 quoque
1811 2662 2042 2730 excisa!

153 2787 181 2842 5
209 2768 374 2828 nulla
400 2766 563 2826 ultra
589 2766 765 2825 venia
793 2765 1105 2842 omnisque
1134 2764 1224 2823 ira
1249 2764 1493 2825 victoris
1534 2785 1658 2825 non
1697 2765 1761 2825 in
1794 2766 2012 2845 vulgus

205 2868 395 2945 111οΡ6,
447 2863 552 2924 6611
600 2863 663 2921 111
714 2862 987 2923 tribunos
1034 2861 1549 2941 centurionesque,
1593 2862 1700 2922 ubi
1745 2864 2010 2941 pretium

96 3029 103 3044 1
160 2964 402 3036 ⁴caedis
471 2969 615 3040 erat,
687 2966 1104 3035 reverteretur.
1211 2960 1515 3038 gregarius
1577 2959 1747 3020 miles
1814 2960 2011 3022 futuri

206 3080 403 3120 socors
436 3067 498 3119 et
532 3033 907 3136 ignobilitate
942 3044 1137 3116 tutior
1180 3057 1521 3134 perstabat:
1561 3057 1698 3136 vagi
1725 3078 1831 3136 per
1859 3059 2008 3136 vias,

205 3157 269 3214 in
319 3154 596 3213 domibus
645 3153 857 3213 abditi
852 3172 1085 3262 pacem
1129 3171 1205 3211 ne
1252 3160 1385 3212 tum
1432 3153 1679 3230 quidem
1734 3155 2007 3230 orabant,

123 3269 182 3306 10
206 3269 341 3308 cum
380 3247 604 3307 bellum
646 3213 1049 3329 ρξοέιιῖῗὲιέἡιῖῗ
1050 3234 1371 3324 ξῬ111110166
1413 3258 1744 3309 castrorum
1785 3271 2012 3313 nomen

206 3351 384 3421 atque
410 3343 696 3420 imagines
725 3342 956 3403 Vitellii
998 3315 1401 3417 amoliuntur,
1443 3352 1681 3405 catenas
1717 3346 2012 3420 Caecinae
