2261 3684
639 263 1235 330 HISTORIARUM
1268 264 1424 328 LIB.
1470 264 1580 330 IV.
1902 269 2013 327 107

213 429 628 492 Romanorum
673 430 1048 503 exercitibus,
1090 450 1306 508 augere
1348 428 1520 490 nobis
1559 449 1738 507 quam
1781 427 2016 487 diruere

213 529 409 588 tutius
452 537 559 611 est.
647 528 700 588 si
728 529 831 606 qui
860 549 935 589 ex
964 527 1142 588 Italia
1170 534 1274 586 aut
1301 526 1623 605 provinciis
1650 525 2016 603 alienigenae
2047 547 2108 584 10

212 625 279 685 in
306 626 531 687 finibus
558 626 780 686 nostris
806 626 1059 698 fuerant,
1090 645 1190 686 eos
1219 624 1438 685 bellum
1470 624 1801 701 absumpsit
1827 622 1924 682 vel
1951 623 2016 681 in

213 743 351 784 suas
380 724 635 802 quisque
675 723 845 805 sedes
872 723 1238 802 refugerunt.
1327 721 1601 783 deductis
1629 720 1773 781 olim
1814 726 1876 780 et
1917 740 2017 780 no-

212 819 447 880 biscum
468 840 575 898 per
600 820 922 881 conubium
944 820 1182 880 sociatis
1205 819 1428 898 quique
1449 839 1591 879 mox
1613 831 2015 896 provenerunt

212 915 363 977 haec
411 918 608 996 patria
651 924 779 992 est3
819 937 930 978 nec
966 938 1075 978 vos
1114 917 1264 977 adeo
1304 917 1542 994 iniquos
1584 915 2008 989 existimamus,

213 1021 285 1073 ut
312 1015 567 1076 interfici
596 1036 631 1075 a
657 1016 830 1076 nobis
866 1024 1144 1093 parentes
1172 1016 1385 1074 fratres
1413 1014 1629 1074 liberos
1657 1019 1893 1073 nostros
1921 1032 2014 1074 ve·
2046 1031 2101 1084 15

212 1111 358 1173 litis.
445 1113 702 1192 vectigal
756 1120 819 1173 et
865 1133 1046 1174 onera
1090 1111 1575 1173 commerciorum
1630 1110 2014 1171 resolvimus:

213 1209 343 1269 sint
389 1211 679 1270 transitus
734 1209 1102 1282 incustoditi,
1162 1210 1266 1270 sed
1334 1209 1536 1269 diurni
1612 1216 1673 1269 et
1739 1208 2012 1282 inermeS,

212 1306 409 1367 donec
455 1328 612 1368 nova
657 1314 719 1368 et
765 1308 1027 1368 recentia
1065 1308 1198 1367 iura
1244 1313 1545 1366 vetustate
1588 1305 1653 1364 in
1708 1314 2018 1366 consuetu·

214 1403 423 1464 dinem
477 1412 810 1466 vertantur.
893 1405 1187 1465 arbitrum
1240 1404 1590 1464 habebimus
1646 1402 1898 1463 Civilem
1954 1409 2016 1462 et

215 1500 559 1575 Velaedam,
612 1501 771 1580 apud
817 1521 965 1580 quos
1010 1509 1185 1580 pacta
1232 1500 1608 1562 sancientur.'
1690 1501 1773 1561 sic
1811 1500 2014 1561 lenitis
2040 1519 2105 1554 20

213 1598 525 1660 Tencteris
573 1599 757 1679 legati
795 1599 871 1659 ad
910 1598 1163 1659 Civilem
1201 1620 1267 1659 ac
1304 1598 1633 1659 Velaedam
1671 1599 1838 1659 missi
1880 1619 2012 1658 cum

213 1695 391 1755 donis
432 1704 647 1756 cuncta
692 1717 766 1756 ex
793 1696 1101 1756 voluntate
1144 1696 1677 1775 Agrippinensium
1718 1704 2016 1774 perpetra-

214 1813 383 1869 vere;
426 1793 531 1854 sed
562 1813 760 1855 coram
788 1793 951 1854 adire
970 1793 1330 1872 adloquique
1347 1793 1673 1854 Velaedam
1693 1801 1975 1873 negatum
2002 1818 2015 1856 z

212 1892 572 1953 arcebantur
623 1892 927 1970 adspectu,
978 1911 1096 1969 quo
1142 1891 1543 1951 venerationis
1590 1891 1725 1969 plus
1774 1892 2010 1953 inesset.

213 1991 345 2069 ipsa
393 1989 557 2049 edita
600 1990 665 2049 in
714 1996 880 2050 turre
892 2011 909 2063 ;
950 1988 1218 2049 delectus
1267 2009 1299 2048 e
1347 1989 1696 2067 propinquis
1743 1989 2015 2049 consulta
2040 2003 2102 2056 25

212 2107 612 2166 responsaque
638 2093 712 2147 ut
737 2087 1146 2146 internuntius
1173 2086 1439 2146 numinis
1465 2087 1759 2164 portabat.

292 2185 516 2245 LXVI.
588 2184 800 2245 civilis
868 2184 1152 2244 societate
1219 2183 1749 2261 Agrippinensium
1802 2190 2014 2243 auctus
2038 2178 2119 2243 66

209 2284 515 2363 proximas
537 2282 811 2342 civitates
840 2281 1142 2341 adfectare
1172 2287 1277 2340 aut
1305 2281 1762 2341 adversantibus
1790 2279 2012 2341 bellum

210 2381 432 2441 inferre
481 2380 711 2439 statuit.
838 2378 1258 2456 occupatisque
1302 2377 1557 2437 Sunucis
1599 2384 1660 2437 et
1701 2377 2013 2439 iuventute

210 2498 420 2540 eorum
448 2497 558 2556 per
584 2476 857 2536 cohortes
900 2475 1244 2553 composita,
1290 2495 1409 2553 quo
1450 2475 1648 2534 minus
1685 2476 1846 2536 ultra
1888 2498 2015 2555 per-

210 2583 394 2657 geret,
430 2574 718 2634 Olaudius
759 2574 955 2633 Labeo
983 2572 1397 2633 Baetasiorum
1426 2573 1922 2653 Tungrorumque
1951 2583 2014 2636 et
2042 2590 2070 2645 5

211 2667 577 2735 Nerviorum
630 2671 1024 2731 tumultuaria
1081 2689 1263 2730 manu
1331 2670 1570 2744 restitit,
1668 2715 1814 2754 avim
1861 2716 2014 2765 dmm

212 2773 398 2832 fretus
426 2769 574 2842 loco,
607 2768 750 2847 quia
775 2775 1021 2846 pontem
1062 2767 1270 2827 Mosae
1311 2768 1574 2828 fluminis
1615 2765 1758 2805 &⁶⁶⁰-

211 2873 609 2945 anteceperat.
721 2865 1220 2943 pugnabaturque
1274 2865 1338 2924 in
1387 2866 1677 2945 angustiis
1719 2867 2011 2947 ambigue,

211 2967 404 3026 donec
442 2961 727 3024 Germani
767 2969 1142 3023 tranatantes
1182 2969 1351 3042 terga
1382 2963 1676 3025 Labeonis
1709 2965 2017 3042 invasere;

211 3060 391 3122 simul
441 3059 672 3132 Civilis,
730 3078 908 3118 ausus
975 3079 1052 3119 an
1121 3079 1198 3119 ex
1268 3062 1612 3139 compositO,
1678 3062 1888 3122 intulit
1956 3083 2016 3123 se
2049 3078 2108 3114 10

212 3158 438 3239 agmini
477 3157 873 3235 Tungrorum,
921 3164 984 3217 et
1022 3156 1181 3217 clara
1221 3178 1365 3218 voce
1411 3166 1565 3218 ‘non
1606 3159 1742 3220 ideo
1763 3164 1777 3190 '
1820 3161 2019 3240 inquit
2064 3142 2069 3148 ¹

218 3264 232 3292 ‘
249 3256 475 3317 bellum
518 3255 894 3332 sumpsimus,
938 3261 1008 3314 ut
1054 3253 1271 3314 Batavi
1327 3262 1388 3315 et
1443 3256 1685 3316 Treveri
1739 3260 2018 3336 gentibus

215 3357 547 3433 imperent:
594 3353 802 3430 procul
829 3352 973 3412 haec
1015 3372 1051 3411 a
1089 3352 1266 3412 nobis
1295 3352 1658 3431 adrogantia.
1771 3356 2019 3435 accipite
