2261 3684
299 224 376 283 62
837 222 1235 285 CORNELII
1270 224 1375 285 ΤΑ
1385 224 1470 285 CI
1466 225 1549 285 TI

213 405 232 440 1
241 401 269 455 5
297 384 536 464 placuit.
651 405 837 464 eaque
907 387 1107 447 omnia
1173 385 1450 446 Valerius
1518 385 1820 446 Asiaticus
1892 385 2091 446 consul

296 482 642 561 designatus
699 484 974 545 censuit:
1044 484 1226 543 ceteri
1296 483 1471 543 vultu
1526 502 1845 561 manuque,
1904 484 2090 560 pauci,

294 580 509 657 quibus
564 581 886 659 conspicua
942 580 1206 660 dignitas
1248 587 1354 641 aut
1395 581 1707 660 ingenium
1750 580 2094 641 adulatione

294 678 636 751 exercitum,
709 678 1053 758 compositis
1134 678 1503 739 orationibus
1585 677 2089 738 adsentiebantur.

294 774 396 834 ubi
451 775 528 835 ad
584 775 938 836 Helvidium
992 775 1265 835 Priscum
1328 783 1662 854 praetorem
1717 774 2094 854 designatum

206 892 270 928 20
293 879 560 946 ventum,
592 872 885 951 prompsit
904 873 1267 932 sententiam
1288 879 1359 933 ut
1377 874 1764 934 honorificam
1784 875 1849 932 in
1873 893 2096 934 novum

294 969 640 1049 principem,
671 970 742 1005 *¹*
773 970 923 1030 falsa
964 971 1231 1043 aberant,
1277 976 1340 1030 et
1381 970 1597 1031 studiis
1640 977 1894 1054 senatus⁴
1926 971 2096 1031 attol-

293 1067 543 1128 lebatur.
629 1068 798 1146 isque
838 1067 1213 1146 praecipuus·
1235 1066 1324 1127 illi
1367 1067 1497 1129 dies
1544 1087 1793 1146 magnae
1836 1068 2096 1128 offensae

291 1165 534 1224 initium
562 1170 625 1225 et
651 1184 900 1244 magnae
926 1165 1150 1243 gloriae
1178 1165 1307 1224 fuit.

226 1253 266 1316 5
372 1262 443 1322 V.
491 1262 611 1322 Res
654 1282 894 1342 poscere
935 1262 1194 1336 videtur,
1240 1262 1526 1341 quoniam
1566 1250 1808 1322 iterum·
1827 1263 1893 1322 in
1936 1283 2094 1322 men·

292 1359 520 1418 tionem
562 1359 881 1419 incidimus
923 1358 1039 1418 viri
1081 1359 1317 1436 saepius
1358 1358 1745 1432 memorandi,
1794 1365 1864 1419 ut
1906 1360 2095 1420 vitam

291 1455 609 1535 studiaque
665 1457 811 1530 eius,
870 1462 934 1517 et
988 1456 1155 1535 quali
1210 1458 1454 1515 fortuna
1521 1456 1602 1516 sit
1670 1475 1829 1531 usuS,
1887 1458 2093 1536 paucis

290 1560 572 1632 repetam.
662 1552 983 1614 Helvidius
1031 1553 1274 1613 Priscus
1316 1553 1544 1631 origine
1585 1553 1796 1614 Italica
1837 1574 1871 1613 e
1921 1554 2094 1615 Cara-

235 1666 263 1720 5
342 1692 560 1732 Helvidius
573 1693 689 1733 pm,
731 1651 896 1710 cinae
951 1650 1275 1730 municipio
1333 1649 1578 1722 Cluviis,
1620 1655 1806 1727 patre,
1856 1652 1963 1729 qui
2006 1672 2094 1711 or·

287 1752 375 1783 ⁶¹⁴⁸·
728 1747 932 1808 dinem
974 1747 1179 1826 primi
1247 1747 1355 1826 pili
1425 1746 1712 1820 duxisset,
1779 1739 2092 1827 ingenium

287 1844 540 1905 inlustre
594 1845 906 1906 altioribus
959 1845 1176 1906 studiis
1230 1845 1465 1906 invenis
1519 1845 1844 1906 admodum
1900 1846 2089 1922 dedit,

286 1962 426 2016 non,
477 1949 549 2003 ut
591 1943 875 2021 plerique,
914 1950 984 2003 ut
1022 1943 1265 2004 nomine
1306 1942 1621 2022 magnifico
1669 1962 1848 2022 segne
1898 1944 2093 2004 otium

287 2039 528 2112 velaret,
559 2039 665 2100 sed
692 2060 811 2118 quo
849 2040 1076 2100 firmior
1115 2039 1401 2101 adversus
1440 2039 1691 2099 fortuita
1730 2059 1858 2099 rem
1898 2040 2093 2118 publi·

204 2157 263 2194 10
287 2156 415 2197 cam
485 2143 833 2215 capesseret.
946 2137 1219 2197 doctores
1287 2137 1612 2215 sapientiae
1671 2143 1909 2198 secutus
1979 2146 2089 2211 est,

284 2234 390 2313 qui
430 2226 557 2295 sola
596 2234 755 2294 bona
794 2254 945 2312 quae
987 2234 1255 2307 honesta,
1300 2233 1457 2293 mala
1497 2239 1730 2293 tantum
1775 2253 1927 2312 quae
1967 2243 2092 2296 tur-

284 2330 399 2409 pia,
449 2330 783 2410 potentiam
831 2330 1214 2391 nobilitatem
1255 2338 1567 2409 ceteraque
1608 2338 1776 2392 extra
1818 2331 2090 2393 animum

284 2447 478 2506 neque
519 2427 692 2507 bonis
732 2447 925 2506 neque
967 2428 1139 2488 malis
1182 2427 1596 2488 adnumerant.
1710 2432 2091 2507 quaestorius

284 2526 479 2586 adhuc
508 2546 544 2586 a
571 2526 760 2586 Paeto
789 2524 1052 2585 Thrasea
1067 2545 1253 2604 gener
1268 2525 1534 2586 delectus
1556 2545 1588 2585 e
1610 2525 1876 2586 moribus
1897 2529 2090 2588 soceri

200 2642 257 2697 15
280 2622 432 2683 nihil
450 2643 635 2701 aeque
655 2644 721 2683 ac
742 2622 1083 2682 libertatem
1099 2622 1321 2691 hausit,
1342 2622 1508 2694 civis,
1532 2629 1786 2697 senator,
1811 2625 2085 2700 maritus,

280 2740 479 2800 gener,
512 2720 753 2795 amicus,
794 2720 1023 2779 cunctis
1065 2719 1226 2779 vitae
1267 2719 1471 2781 officiis
1514 2719 1857 2798 aequabiIiS,
1900 2741 2090 2800 opum

281 2824 674 2896 contemptor,
704 2817 851 2878 recti
889 2817 1187 2896 pervicax,
1219 2825 1499 2877 constans
1540 2817 1826 2878 adversus
1867 2826 2086 2881 metus.

214 2914 252 2978 6
360 2915 466 2976 VI.
533 2916 724 2975 Erant
778 2914 996 2993 quibus
1052 2914 1433 2993 adpetentior
1496 2915 1689 2974 famae
1757 2914 2085 2993 videretur,

279 3010 521 3088 quando
563 3009 747 3070 etiam
789 3008 1161 3087 sapientibus
1202 3007 1418 3085 cupido
1480 3007 1706 3086 gloriae
1759 3007 2092 3072 novissima

278 3106 537 3165 exuitur.
625 3106 794 3164 ruina
839 3104 1025 3164 soceri
1067 3104 1133 3163 in
1174 3103 1418 3164 exilium
1459 3103 1684 3181 pulsus,
1727 3110 1800 3164 ut
1855 3104 2090 3168 Galbae

276 3202 616 3277 principatu
697 3200 893 3273 rediit,
978 3199 1333 3260 Marcellum
1413 3200 1683 3277 Eprium,
1753 3200 2090 3264 delatorem

223 3319 251 3374 5
277 3294 589 3365 Thraseae,
636 3314 905 3355 accusare
960 3293 1323 3373 adgreditur.
1437 3316 1507 3357 ea
1553 3296 1721 3372 ultio,
1781 3297 2088 3362 incertum
