<?xml version="1.0" encoding="UTF-8"?>
<!DOCTYPE html PUBLIC "-//W3C//DTD XHTML 1.0 Transitional//EN"
    "http://www.w3.org/TR/xhtml1/DTD/xhtml1-transitional.dtd">
<html xmlns="http://www.w3.org/1999/xhtml" xml:lang="en" lang="en">
 <head>
  <title>
</title>
<meta http-equiv="Content-Type" content="text/html;charset=utf-8" />
  <meta name='ocr-system' content='tesseract 3.04.00' />
  <meta name='ocr-capabilities' content='ocr_page ocr_carea ocr_par ocr_line ocrx_word'/>
</head>
<body>
  <div class='ocr_page' id='page_1' title='image "./historiestacitu01tacigoog_0105.png"; bbox 0 0 2261 3684; ppageno 0'>
   <div class='ocr_carea' id='block_1_1' title="bbox 671 239 2034 301">
    <p class='ocr_par' dir='ltr' id='par_1_1' title="bbox 671 239 2034 301">
     <span class='ocr_line' id='line_1_1' title="bbox 671 239 2034 301; baseline -0.002 -1"><span class='ocrx_word' id='word_1_1' title='bbox 671 240 1261 301; x_wconf 82' lang='lat' dir='ltr'>HISTORIARUM</span> <span class='ocrx_word' id='word_1_2' title='bbox 1296 239 1449 299; x_wconf 92' lang='lat' dir='ltr'>LIB.</span> <span class='ocrx_word' id='word_1_3' title='bbox 1496 239 1604 299; x_wconf 87' lang='lat' dir='ltr'>IV.</span> <span class='ocrx_word' id='word_1_4' title='bbox 1959 241 2034 299; x_wconf 84' lang='lat'>79</span> 
     </span>
    </p>
   </div>
   <div class='ocr_carea' id='block_1_2' title="bbox 231 399 2140 957">
    <p class='ocr_par' dir='ltr' id='par_1_2' title="bbox 231 399 2140 957">
     <span class='ocr_line' id='line_1_2' title="bbox 313 399 2140 463; baseline 0.003 -5"><span class='ocrx_word' id='word_1_5' title='bbox 313 399 612 460; x_wconf 90' lang='lat' dir='ltr'>XXVIII.</span> <span class='ocrx_word' id='word_1_6' title='bbox 657 400 745 459; x_wconf 93' lang='lat' dir='ltr'>At</span> <span class='ocrx_word' id='word_1_7' title='bbox 787 400 1043 461; x_wconf 82' lang='lat' dir='ltr'>Civilem</span> <span class='ocrx_word' id='word_1_8' title='bbox 1097 400 1383 459; x_wconf 90' lang='lat' dir='ltr'>inmensis</span> <span class='ocrx_word' id='word_1_9' title='bbox 1440 399 1715 459; x_wconf 75' lang='lat' dir='ltr'><strong>auctibus</strong></span> <span class='ocrx_word' id='word_1_10' title='bbox 1756 400 2036 459; x_wconf 86' lang='lat' dir='ltr'>universa</span> <span class='ocrx_word' id='word_1_11' title='bbox 2060 399 2140 463; x_wconf 87' lang='lat'>28</span> 
     </span>
     <span class='ocr_line' id='line_1_3' title="bbox 233 495 2034 570; baseline 0.001 -16"><span class='ocrx_word' id='word_1_12' title='bbox 233 495 560 555; x_wconf 85' lang='lat' dir='ltr'>Germania</span> <span class='ocrx_word' id='word_1_13' title='bbox 601 496 945 570; x_wconf 81' lang='lat' dir='ltr'>extollebat,</span> <span class='ocrx_word' id='word_1_14' title='bbox 992 497 1276 556; x_wconf 84' lang='lat' dir='ltr'>societate</span> <span class='ocrx_word' id='word_1_15' title='bbox 1331 495 1716 556; x_wconf 82' lang='lat' dir='ltr'>nobilissimis</span> <span class='ocrx_word' id='word_1_16' title='bbox 1758 495 2034 555; x_wconf 91' lang='lat' dir='ltr'>obsidum</span> 
     </span>
     <span class='ocr_line' id='line_1_4' title="bbox 232 591 2034 671; baseline 0.001 -21"><span class='ocrx_word' id='word_1_17' title='bbox 232 592 480 651; x_wconf 88' lang='lat' dir='ltr'>firmata.</span> <span class='ocrx_word' id='word_1_18' title='bbox 569 592 688 663; x_wconf 89' lang='lat' dir='ltr'>ille,</span> <span class='ocrx_word' id='word_1_19' title='bbox 748 600 817 651; x_wconf 91' lang='lat' dir='ltr'>ut</span> <span class='ocrx_word' id='word_1_20' title='bbox 869 593 1083 670; x_wconf 89' lang='lat' dir='ltr'>cuique</span> <span class='ocrx_word' id='word_1_21' title='bbox 1139 593 1498 671; x_wconf 84' lang='lat' dir='ltr'>proximum,</span> <span class='ocrx_word' id='word_1_22' title='bbox 1556 592 1778 652; x_wconf 87' lang='lat' dir='ltr'>vastari</span> <span class='ocrx_word' id='word_1_23' title='bbox 1841 591 2034 653; x_wconf 87' lang='lat' dir='ltr'>Ubios</span> 
     </span>
     <span class='ocr_line' id='line_1_5' title="bbox 232 687 2035 766; baseline 0.002 -21"><span class='ocrx_word' id='word_1_24' title='bbox 232 687 655 766; x_wconf 88' lang='lat' dir='ltr'>Treverosque,</span> <span class='ocrx_word' id='word_1_25' title='bbox 688 696 749 748; x_wconf 90' lang='lat' dir='ltr'>et</span> <span class='ocrx_word' id='word_1_26' title='bbox 778 689 956 748; x_wconf 87' lang='lat' dir='ltr'>aliam</span> <span class='ocrx_word' id='word_1_27' title='bbox 984 709 1227 749; x_wconf 87' lang='lat' dir='ltr'>manum</span> <span class='ocrx_word' id='word_1_28' title='bbox 1255 690 1490 749; x_wconf 81' lang='lat' dir='ltr'>Mosam</span> <span class='ocrx_word' id='word_1_29' title='bbox 1519 709 1753 749; x_wconf 87' lang='lat' dir='ltr'>amnem</span> <span class='ocrx_word' id='word_1_30' title='bbox 1782 688 2035 748; x_wconf 88' lang='lat' dir='ltr'>transire</span> 
     </span>
     <span class='ocr_line' id='line_1_6' title="bbox 231 783 2089 862; baseline 0.001 -20"><span class='ocrx_word' id='word_1_31' title='bbox 231 783 419 857; x_wconf 91' lang='lat' dir='ltr'>iubet,</span> <span class='ocrx_word' id='word_1_32' title='bbox 448 792 519 843; x_wconf 93' lang='lat' dir='ltr'>ut</span> <span class='ocrx_word' id='word_1_33' title='bbox 546 785 861 862; x_wconf 81' lang='lat' dir='ltr'>Menapios</span> <span class='ocrx_word' id='word_1_34' title='bbox 888 793 951 845; x_wconf 91' lang='lat' dir='ltr'>et</span> <span class='ocrx_word' id='word_1_35' title='bbox 976 785 1248 845; x_wconf 88' lang='lat' dir='ltr'>Morinos</span> <span class='ocrx_word' id='word_1_36' title='bbox 1291 794 1352 845; x_wconf 92' lang='lat' dir='ltr'>et</span> <span class='ocrx_word' id='word_1_37' title='bbox 1391 792 1662 845; x_wconf 82' lang='lat' dir='ltr'>extrema</span> <span class='ocrx_word' id='word_1_38' title='bbox 1702 784 2032 845; x_wconf 82' lang='lat' dir='ltr'>Galliarum</span> <span class='ocrx_word' id='word_1_39' title='bbox 2061 809 2089 862; x_wconf 86' lang='lat'><strong>5</strong></span> 
     </span>
     <span class='ocr_line' id='line_1_7' title="bbox 232 877 2031 957; baseline 0.001 -22"><span class='ocrx_word' id='word_1_40' title='bbox 232 883 523 955; x_wconf 88' lang='lat' dir='ltr'>quateret.</span> <span class='ocrx_word' id='word_1_41' title='bbox 610 883 775 937; x_wconf 89' lang='lat' dir='ltr'>actae</span> <span class='ocrx_word' id='word_1_42' title='bbox 803 877 1120 956; x_wconf 78' lang='lat' dir='ltr'>utrobique</span> <span class='ocrx_word' id='word_1_43' title='bbox 1148 877 1418 957; x_wconf 86' lang='lat' dir='ltr'>praedae,</span> <span class='ocrx_word' id='word_1_44' title='bbox 1440 878 1716 938; x_wconf 88' lang='lat' dir='ltr'>infestius</span> <span class='ocrx_word' id='word_1_45' title='bbox 1742 878 1807 936; x_wconf 93' lang='lat' dir='ltr'>in</span> <span class='ocrx_word' id='word_1_46' title='bbox 1836 877 2031 951; x_wconf 86' lang='lat' dir='ltr'>Ubiis,</span> 
     </span>
    </p>
   </div>
   <div class='ocr_carea' id='block_1_3' title="bbox 226 972 2035 1147">
    <p class='ocr_par' dir='ltr' id='par_1_3' title="bbox 226 972 2035 1147">
     <span class='ocr_line' id='line_1_8' title="bbox 234 972 2035 1054; baseline 0.001 -23"><span class='ocrx_word' id='word_1_47' title='bbox 234 972 401 1050; x_wconf 90' lang='lat' dir='ltr'>quod</span> <span class='ocrx_word' id='word_1_48' title='bbox 426 992 574 1051; x_wconf 89' lang='lat' dir='ltr'>gens</span> <span class='ocrx_word' id='word_1_49' title='bbox 601 974 988 1034; x_wconf 79' lang='lat' dir='ltr'>Germanicae</span> <span class='ocrx_word' id='word_1_50' title='bbox 1009 975 1256 1052; x_wconf 90' lang='lat' dir='ltr'>originis</span> <span class='ocrx_word' id='word_1_51' title='bbox 1278 975 1509 1034; x_wconf 86' lang='lat' dir='ltr'>eiurata</span> <span class='ocrx_word' id='word_1_52' title='bbox 1535 974 1732 1052; x_wconf 89' lang='lat' dir='ltr'>patria</span> <span class='ocrx_word' id='word_1_53' title='bbox 1754 972 2035 1054; x_wconf 88' lang='lat' dir='ltr'>[Roman-</span> 
     </span>
     <span class='ocr_line' id='line_1_9' title="bbox 226 1065 2030 1147; baseline 0 -22"><span class='ocrx_word' id='word_1_54' title='bbox 226 1085 404 1125; x_wconf 90' lang='lat' dir='ltr'>orum</span> <span class='ocrx_word' id='word_1_55' title='bbox 471 1065 717 1147; x_wconf 90' lang='lat' dir='ltr'>nomen]</span> <span class='ocrx_word' id='word_1_56' title='bbox 787 1066 1262 1144; x_wconf 83' lang='lat' dir='ltr'>Agrippinenses</span> <span class='ocrx_word' id='word_1_57' title='bbox 1342 1073 1715 1126; x_wconf 86' lang='lat' dir='ltr'>vocarentur.</span> <span class='ocrx_word' id='word_1_58' title='bbox 1829 1086 2030 1126; x_wconf 89' lang='lat' dir='ltr'>caesae</span> 
     </span>
    </p>
   </div>
   <div class='ocr_carea' id='block_1_4' title="bbox 220 1161 2134 2688">
    <p class='ocr_par' dir='ltr' id='par_1_4' title="bbox 220 1161 2134 2688">
     <span class='ocr_line' id='line_1_10' title="bbox 226 1161 2028 1243; baseline 0.001 -22"><span class='ocrx_word' id='word_1_59' title='bbox 226 1161 504 1221; x_wconf 77' lang='lat' dir='ltr'>cohortes</span> <span class='ocrx_word' id='word_1_60' title='bbox 532 1182 737 1222; x_wconf 91' lang='lat' dir='ltr'>eorum</span> <span class='ocrx_word' id='word_1_61' title='bbox 765 1162 830 1221; x_wconf 91' lang='lat' dir='ltr'>in</span> <span class='ocrx_word' id='word_1_62' title='bbox 847 1163 979 1222; x_wconf 87' lang='lat' dir='ltr'>vico</span> <span class='ocrx_word' id='word_1_63' title='bbox 1009 1162 1368 1222; x_wconf 80' lang='lat' dir='ltr'>Marcoduro</span> <span class='ocrx_word' id='word_1_64' title='bbox 1390 1163 1745 1222; x_wconf 88' lang='lat' dir='ltr'>incuriosius</span> <span class='ocrx_word' id='word_1_65' title='bbox 1767 1171 2028 1243; x_wconf 76' lang='lat' dir='ltr'>agentes,</span> 
     </span>
     <span class='ocr_line' id='line_1_11' title="bbox 225 1259 2121 1336; baseline -0.001 -18"><span class='ocrx_word' id='word_1_66' title='bbox 225 1259 372 1336; x_wconf 86' lang='lat' dir='ltr'>quia</span> <span class='ocrx_word' id='word_1_67' title='bbox 418 1259 622 1336; x_wconf 90' lang='lat' dir='ltr'>procul</span> <span class='ocrx_word' id='word_1_68' title='bbox 671 1259 803 1336; x_wconf 88' lang='lat' dir='ltr'>ripa</span> <span class='ocrx_word' id='word_1_69' title='bbox 845 1259 1109 1318; x_wconf 85' lang='lat' dir='ltr'>aberant.</span> <span class='ocrx_word' id='word_1_70' title='bbox 1215 1278 1322 1319; x_wconf 88' lang='lat' dir='ltr'>nec</span> <span class='ocrx_word' id='word_1_71' title='bbox 1364 1259 1646 1336; x_wconf 85' lang='lat' dir='ltr'>quievere</span> <span class='ocrx_word' id='word_1_72' title='bbox 1692 1259 1855 1333; x_wconf 92' lang='lat' dir='ltr'>Ubii,</span> <span class='ocrx_word' id='word_1_73' title='bbox 1910 1278 2030 1336; x_wconf 91' lang='lat' dir='ltr'>quo</span> <span class='ocrx_word' id='word_1_74' title='bbox 2062 1281 2121 1317; x_wconf 91' lang='lat'>10</span> 
     </span>
     <span class='ocr_line' id='line_1_12' title="bbox 225 1354 2027 1433; baseline 0.001 -19"><span class='ocrx_word' id='word_1_75' title='bbox 225 1355 428 1415; x_wconf 90' lang='lat' dir='ltr'>minus</span> <span class='ocrx_word' id='word_1_76' title='bbox 480 1356 733 1433; x_wconf 87' lang='lat' dir='ltr'>praedas</span> <span class='ocrx_word' id='word_1_77' title='bbox 776 1376 809 1414; x_wconf 92' lang='lat' dir='ltr'>e</span> <span class='ocrx_word' id='word_1_78' title='bbox 851 1354 1173 1415; x_wconf 82' lang='lat' dir='ltr'>Germania</span> <span class='ocrx_word' id='word_1_79' title='bbox 1212 1362 1506 1433; x_wconf 88' lang='lat' dir='ltr'>peterent,</span> <span class='ocrx_word' id='word_1_80' title='bbox 1540 1355 1743 1433; x_wconf 76' lang='lat' dir='ltr'>&#39;primo</span> <span class='ocrx_word' id='word_1_81' title='bbox 1783 1355 2027 1432; x_wconf 89' lang='lat' dir='ltr'>inpune,</span> 
     </span>
     <span class='ocr_line' id='line_1_13' title="bbox 224 1451 2028 1529; baseline -0.001 -18"><span class='ocrx_word' id='word_1_82' title='bbox 224 1451 371 1512; x_wconf 89' lang='lat' dir='ltr'>dein</span> <span class='ocrx_word' id='word_1_83' title='bbox 400 1452 791 1512; x_wconf 87' lang='lat' dir='ltr'>circumventi</span> <span class='ocrx_word' id='word_1_84' title='bbox 818 1459 977 1524; x_wconf 89' lang='lat' dir='ltr'>sunt,</span> <span class='ocrx_word' id='word_1_85' title='bbox 1010 1471 1117 1529; x_wconf 88' lang='lat' dir='ltr'>per</span> <span class='ocrx_word' id='word_1_86' title='bbox 1145 1471 1320 1511; x_wconf 90' lang='lat' dir='ltr'>omne</span> <span class='ocrx_word' id='word_1_87' title='bbox 1343 1451 1408 1511; x_wconf 89' lang='lat' dir='ltr'>id</span> <span class='ocrx_word' id='word_1_88' title='bbox 1431 1451 1653 1511; x_wconf 90' lang='lat' dir='ltr'>bellum</span> <span class='ocrx_word' id='word_1_89' title='bbox 1670 1451 1913 1511; x_wconf 89' lang='lat' dir='ltr'>meliore</span> <span class='ocrx_word' id='word_1_90' title='bbox 1936 1452 2028 1511; x_wconf 88' lang='lat' dir='ltr'>usi</span> 
     </span>
     <span class='ocr_line' id='line_1_14' title="bbox 223 1548 2029 1627; baseline 0.001 -21"><span class='ocrx_word' id='word_1_91' title='bbox 223 1548 347 1607; x_wconf 92' lang='lat' dir='ltr'>fide</span> <span class='ocrx_word' id='word_1_92' title='bbox 369 1568 547 1626; x_wconf 88' lang='lat' dir='ltr'>quam</span> <span class='ocrx_word' id='word_1_93' title='bbox 576 1548 831 1608; x_wconf 88' lang='lat' dir='ltr'>fortuna.</span> <span class='ocrx_word' id='word_1_94' title='bbox 920 1549 1185 1608; x_wconf 89' lang='lat' dir='ltr'>contusis</span> <span class='ocrx_word' id='word_1_95' title='bbox 1213 1548 1390 1608; x_wconf 83' lang='lat' dir='ltr'>Ubiis</span> <span class='ocrx_word' id='word_1_96' title='bbox 1417 1548 1656 1627; x_wconf 88' lang='lat' dir='ltr'>gravior</span> <span class='ocrx_word' id='word_1_97' title='bbox 1677 1558 1739 1608; x_wconf 86' lang='lat' dir='ltr'>et</span> <span class='ocrx_word' id='word_1_98' title='bbox 1759 1568 2029 1608; x_wconf 91' lang='lat' dir='ltr'>successu</span> 
     </span>
     <span class='ocr_line' id='line_1_15' title="bbox 223 1644 2026 1724; baseline -0.001 -20"><span class='ocrx_word' id='word_1_99' title='bbox 223 1665 429 1705; x_wconf 85' lang='lat' dir='ltr'>rerum</span> <span class='ocrx_word' id='word_1_100' title='bbox 483 1644 736 1705; x_wconf 86' lang='lat' dir='ltr'>ferocior</span> <span class='ocrx_word' id='word_1_101' title='bbox 777 1644 990 1705; x_wconf 83' lang='lat' dir='ltr'>Civilis</span> <span class='ocrx_word' id='word_1_102' title='bbox 1031 1645 1332 1705; x_wconf 91' lang='lat' dir='ltr'>obsidium</span> <span class='ocrx_word' id='word_1_103' title='bbox 1374 1645 1675 1723; x_wconf 90' lang='lat' dir='ltr'>legionum</span> <span class='ocrx_word' id='word_1_104' title='bbox 1718 1646 2026 1724; x_wconf 90' lang='lat' dir='ltr'>urguebat,</span> 
     </span>
     <span class='ocr_line' id='line_1_16' title="bbox 223 1741 2134 1823; baseline 0.001 -23"><span class='ocrx_word' id='word_1_105' title='bbox 223 1741 479 1801; x_wconf 89' lang='lat' dir='ltr'>intentis</span> <span class='ocrx_word' id='word_1_106' title='bbox 498 1741 797 1816; x_wconf 76' lang='lat' dir='ltr'>custodiiS,</span> <span class='ocrx_word' id='word_1_107' title='bbox 819 1761 895 1801; x_wconf 89' lang='lat' dir='ltr'>ne</span> <span class='ocrx_word' id='word_1_108' title='bbox 913 1741 1046 1819; x_wconf 90' lang='lat' dir='ltr'>quis</span> <span class='ocrx_word' id='word_1_109' title='bbox 1064 1741 1330 1801; x_wconf 89' lang='lat' dir='ltr'>occultus</span> <span class='ocrx_word' id='word_1_110' title='bbox 1346 1742 1593 1801; x_wconf 90' lang='lat' dir='ltr'>nuntius</span> <span class='ocrx_word' id='word_1_111' title='bbox 1678 1785 1871 1823; x_wconf 62' lang='lat' dir='ltr'>amma</span> <span class='ocrx_word' id='word_1_112' title='bbox 1886 1784 2031 1823; x_wconf 53' lang='lat' dir='ltr'><strong><em>anach</em></strong></span> <span class='ocrx_word' id='word_1_113' title='bbox 2076 1762 2134 1816; x_wconf 85' lang='lat'>15</span> 
     </span>
     <span class='ocr_line' id='line_1_17' title="bbox 223 1835 1867 1916; baseline -0.001 -17"><span class='ocrx_word' id='word_1_114' title='bbox 223 1838 525 1900; x_wconf 87' lang='lat' dir='ltr'>venientis</span> <span class='ocrx_word' id='word_1_115' title='bbox 566 1837 775 1898; x_wconf 87' lang='lat' dir='ltr'>auxilii</span> <span class='ocrx_word' id='word_1_116' title='bbox 814 1846 1173 1916; x_wconf 84' lang='lat' dir='ltr'>penetraret.</span> <span class='ocrx_word' id='word_1_117' title='bbox 1286 1838 1589 1899; x_wconf 85' lang='lat' dir='ltr'>machinas</span> <span class='ocrx_word' id='word_1_118' title='bbox 1630 1846 1686 1874; x_wconf 74' lang='lat' dir='ltr'>«m</span> <span class='ocrx_word' id='word_1_119' title='bbox 1713 1835 1867 1875; x_wconf 60' lang='lat' dir='ltr'>mm·</span> 
     </span>
     <span class='ocr_line' id='line_1_18' title="bbox 223 1934 2028 2014; baseline -0.001 -19"><span class='ocrx_word' id='word_1_120' title='bbox 223 1935 564 2014; x_wconf 90' lang='lat' dir='ltr'>molemque</span> <span class='ocrx_word' id='word_1_121' title='bbox 606 1955 853 2013; x_wconf 90' lang='lat' dir='ltr'>operum</span> <span class='ocrx_word' id='word_1_122' title='bbox 902 1935 1146 1994; x_wconf 87' lang='lat' dir='ltr'>Batavis</span> <span class='ocrx_word' id='word_1_123' title='bbox 1201 1935 1473 2014; x_wconf 85' lang='lat' dir='ltr'>delegat:</span> <span class='ocrx_word' id='word_1_124' title='bbox 1542 1934 2028 1994; x_wconf 88' lang='lat' dir='ltr'>Transrhenanos</span> 
     </span>
     <span class='ocr_line' id='line_1_19' title="bbox 223 2031 2030 2110; baseline -0.001 -19"><span class='ocrx_word' id='word_1_125' title='bbox 223 2032 519 2110; x_wconf 90' lang='lat' dir='ltr'>proelium</span> <span class='ocrx_word' id='word_1_126' title='bbox 573 2032 871 2109; x_wconf 87' lang='lat' dir='ltr'>poscentis</span> <span class='ocrx_word' id='word_1_127' title='bbox 926 2031 1005 2091; x_wconf 89' lang='lat' dir='ltr'>ad</span> <span class='ocrx_word' id='word_1_128' title='bbox 1058 2031 1450 2091; x_wconf 90' lang='lat' dir='ltr'>scindendum</span> <span class='ocrx_word' id='word_1_129' title='bbox 1506 2031 1730 2091; x_wconf 85' lang='lat' dir='ltr'>vallum</span> <span class='ocrx_word' id='word_1_130' title='bbox 1783 2035 1871 2091; x_wconf 90' lang='lat' dir='ltr'>ire</span> <span class='ocrx_word' id='word_1_131' title='bbox 1932 2031 2030 2090; x_wconf 88' lang='lat' dir='ltr'>de-</span> 
     </span>
     <span class='ocr_line' id='line_1_20' title="bbox 222 2127 2028 2207; baseline -0.001 -18"><span class='ocrx_word' id='word_1_132' title='bbox 222 2137 543 2206; x_wconf 89' lang='lat' dir='ltr'>trusosque</span> <span class='ocrx_word' id='word_1_133' title='bbox 609 2127 1018 2207; x_wconf 88' lang='lat' dir='ltr'>redintegrare</span> <span class='ocrx_word' id='word_1_134' title='bbox 1086 2136 1385 2189; x_wconf 88' lang='lat' dir='ltr'>certamen</span> <span class='ocrx_word' id='word_1_135' title='bbox 1454 2129 1639 2199; x_wconf 88' lang='lat' dir='ltr'>iubet,</span> <span class='ocrx_word' id='word_1_136' title='bbox 1710 2137 2028 2206; x_wconf 88' lang='lat' dir='ltr'>superante</span> 
     </span>
     <span class='ocr_line' id='line_1_21' title="bbox 222 2224 2118 2286; baseline 0.001 -2"><span class='ocrx_word' id='word_1_137' title='bbox 222 2224 615 2285; x_wconf 87' lang='lat' dir='ltr'>multitudine</span> <span class='ocrx_word' id='word_1_138' title='bbox 643 2232 704 2284; x_wconf 91' lang='lat' dir='ltr'>et</span> <span class='ocrx_word' id='word_1_139' title='bbox 731 2224 891 2284; x_wconf 87' lang='lat' dir='ltr'>facili</span> <span class='ocrx_word' id='word_1_140' title='bbox 918 2224 1154 2285; x_wconf 90' lang='lat' dir='ltr'>damno.</span> <span class='ocrx_word' id='word_1_141' title='bbox 2054 2250 2118 2286; x_wconf 89' lang='lat'>20</span> 
     </span>
     <span class='ocr_line' id='line_1_22' title="bbox 306 2320 2133 2399; baseline 0 -19"><span class='ocrx_word' id='word_1_142' title='bbox 306 2321 537 2380; x_wconf 90' lang='lat' dir='ltr'>XXIX.</span> <span class='ocrx_word' id='word_1_143' title='bbox 585 2320 712 2380; x_wconf 88' lang='lat' dir='ltr'>Nec</span> <span class='ocrx_word' id='word_1_144' title='bbox 740 2321 922 2380; x_wconf 89' lang='lat' dir='ltr'>finem</span> <span class='ocrx_word' id='word_1_145' title='bbox 949 2321 1142 2380; x_wconf 88' lang='lat' dir='ltr'>labori</span> <span class='ocrx_word' id='word_1_146' title='bbox 1169 2340 1294 2380; x_wconf 86' lang='lat' dir='ltr'>nox</span> <span class='ocrx_word' id='word_1_147' title='bbox 1322 2321 1563 2381; x_wconf 85' lang='lat' dir='ltr'>attulit:</span> <span class='ocrx_word' id='word_1_148' title='bbox 1606 2321 1899 2399; x_wconf 87' lang='lat' dir='ltr'>congestis</span> <span class='ocrx_word' id='word_1_149' title='bbox 1921 2320 2028 2380; x_wconf 89' lang='lat' dir='ltr'>cir·</span> <span class='ocrx_word' id='word_1_150' title='bbox 2052 2328 2133 2391; x_wconf 86' lang='lat'>29</span> 
     </span>
     <span class='ocr_line' id='line_1_23' title="bbox 222 2417 2026 2496; baseline 0 -19"><span class='ocrx_word' id='word_1_151' title='bbox 222 2438 362 2478; x_wconf 90' lang='lat' dir='ltr'>cum</span> <span class='ocrx_word' id='word_1_152' title='bbox 406 2417 585 2495; x_wconf 90' lang='lat' dir='ltr'>lignis</span> <span class='ocrx_word' id='word_1_153' title='bbox 626 2418 1021 2495; x_wconf 86' lang='lat' dir='ltr'>accensisque.</span> <span class='ocrx_word' id='word_1_154' title='bbox 1067 2417 1245 2477; x_wconf 93' lang='lat' dir='ltr'>simul</span> <span class='ocrx_word' id='word_1_155' title='bbox 1289 2418 1615 2496; x_wconf 89' lang='lat' dir='ltr'>epulantes,</span> <span class='ocrx_word' id='word_1_156' title='bbox 1661 2425 1731 2476; x_wconf 93' lang='lat' dir='ltr'>ut</span> <span class='ocrx_word' id='word_1_157' title='bbox 1775 2418 2026 2495; x_wconf 89' lang='lat' dir='ltr'>quisque</span> 
     </span>
     <span class='ocr_line' id='line_1_24' title="bbox 221 2513 2028 2593; baseline -0.001 -18"><span class='ocrx_word' id='word_1_158' title='bbox 221 2515 369 2575; x_wconf 87' lang='lat' dir='ltr'>vino</span> <span class='ocrx_word' id='word_1_159' title='bbox 397 2513 741 2585; x_wconf 88' lang='lat' dir='ltr'>incaluerat,</span> <span class='ocrx_word' id='word_1_160' title='bbox 769 2514 849 2574; x_wconf 92' lang='lat' dir='ltr'>ad</span> <span class='ocrx_word' id='word_1_161' title='bbox 875 2513 1140 2593; x_wconf 85' lang='lat' dir='ltr'>pugnam</span> <span class='ocrx_word' id='word_1_162' title='bbox 1173 2514 1516 2574; x_wconf 88' lang='lat' dir='ltr'>temeritate</span> <span class='ocrx_word' id='word_1_163' title='bbox 1556 2515 1722 2573; x_wconf 91' lang='lat' dir='ltr'>inani</span> <span class='ocrx_word' id='word_1_164' title='bbox 1763 2514 2028 2574; x_wconf 87' lang='lat' dir='ltr'>fereban-</span> 
     </span>
     <span class='ocr_line' id='line_1_25' title="bbox 220 2610 2025 2688; baseline -0.001 -17"><span class='ocrx_word' id='word_1_165' title='bbox 220 2620 340 2671; x_wconf 89' lang='lat' dir='ltr'>tur.</span> <span class='ocrx_word' id='word_1_166' title='bbox 428 2611 649 2688; x_wconf 90' lang='lat' dir='ltr'>quippe</span> <span class='ocrx_word' id='word_1_167' title='bbox 676 2610 944 2688; x_wconf 89' lang='lat' dir='ltr'>ipsorum</span> <span class='ocrx_word' id='word_1_168' title='bbox 970 2611 1093 2670; x_wconf 90' lang='lat' dir='ltr'>tela</span> <span class='ocrx_word' id='word_1_169' title='bbox 1112 2630 1221 2688; x_wconf 89' lang='lat' dir='ltr'>per</span> <span class='ocrx_word' id='word_1_170' title='bbox 1241 2611 1516 2671; x_wconf 88' lang='lat' dir='ltr'>tenebras</span> <span class='ocrx_word' id='word_1_171' title='bbox 1538 2630 1729 2670; x_wconf 86' lang='lat' dir='ltr'>vana:</span> <span class='ocrx_word' id='word_1_172' title='bbox 1771 2610 2025 2671; x_wconf 88' lang='lat' dir='ltr'>Romani</span> 
     </span>
    </p>
   </div>
   <div class='ocr_carea' id='block_1_5' title="bbox 219 2715 2116 3372">
    <p class='ocr_par' dir='ltr' id='par_1_5' title="bbox 219 2715 2116 3372">
     <span class='ocr_line' id='line_1_26' title="bbox 221 2715 2082 2793; baseline -0.001 -16"><span class='ocrx_word' id='word_1_173' title='bbox 221 2715 604 2793; x_wconf 88' lang='lat' dir='ltr'>conspicuam</span> <span class='ocrx_word' id='word_1_174' title='bbox 630 2716 1015 2775; x_wconf 89' lang='lat' dir='ltr'>barbarorum</span> <span class='ocrx_word' id='word_1_175' title='bbox 1045 2715 1251 2788; x_wconf 88' lang='lat' dir='ltr'>aciem,</span> <span class='ocrx_word' id='word_1_176' title='bbox 1282 2724 1345 2775; x_wconf 90' lang='lat' dir='ltr'>et</span> <span class='ocrx_word' id='word_1_177' title='bbox 1371 2715 1421 2776; x_wconf 93' lang='lat' dir='ltr'>si</span> <span class='ocrx_word' id='word_1_178' title='bbox 1459 2716 1594 2793; x_wconf 85' lang='lat' dir='ltr'>quis</span> <span class='ocrx_word' id='word_1_179' title='bbox 1635 2715 1885 2776; x_wconf 88' lang='lat' dir='ltr'>audacia</span> <span class='ocrx_word' id='word_1_180' title='bbox 1921 2722 2028 2775; x_wconf 92' lang='lat' dir='ltr'>aut</span> <span class='ocrx_word' id='word_1_181' title='bbox 2055 2737 2082 2790; x_wconf 82' lang='lat'><strong>5</strong></span> 
     </span>
     <span class='ocr_line' id='line_1_27' title="bbox 219 2811 2027 2890; baseline -0.001 -18"><span class='ocrx_word' id='word_1_182' title='bbox 219 2812 562 2890; x_wconf 90' lang='lat' dir='ltr'>insignibus</span> <span class='ocrx_word' id='word_1_183' title='bbox 591 2811 896 2889; x_wconf 77' lang='lat' dir='ltr'>effulgenS,</span> <span class='ocrx_word' id='word_1_184' title='bbox 930 2812 1006 2870; x_wconf 88' lang='lat' dir='ltr'>ad</span> <span class='ocrx_word' id='word_1_185' title='bbox 1034 2812 1222 2871; x_wconf 90' lang='lat' dir='ltr'>ictum</span> <span class='ocrx_word' id='word_1_186' title='bbox 1250 2811 1650 2872; x_wconf 87' lang='lat' dir='ltr'>destinabant.</span> <span class='ocrx_word' id='word_1_187' title='bbox 1762 2812 2027 2872; x_wconf 90' lang='lat' dir='ltr'>intellec-</span> 
     </span>
     <span class='ocr_line' id='line_1_28' title="bbox 221 2907 2027 2986; baseline -0.001 -18"><span class='ocrx_word' id='word_1_188' title='bbox 221 2917 356 2969; x_wconf 92' lang='lat' dir='ltr'>tum</span> <span class='ocrx_word' id='word_1_189' title='bbox 384 2908 449 2967; x_wconf 91' lang='lat' dir='ltr'>id</span> <span class='ocrx_word' id='word_1_190' title='bbox 478 2907 659 2968; x_wconf 84' lang='lat' dir='ltr'>Civili</span> <span class='ocrx_word' id='word_1_191' title='bbox 688 2915 750 2967; x_wconf 89' lang='lat' dir='ltr'>et</span> <span class='ocrx_word' id='word_1_192' title='bbox 777 2907 1064 2967; x_wconf 84' lang='lat' dir='ltr'>restincto</span> <span class='ocrx_word' id='word_1_193' title='bbox 1091 2908 1230 2986; x_wconf 92' lang='lat' dir='ltr'>igne</span> <span class='ocrx_word' id='word_1_194' title='bbox 1258 2908 1493 2968; x_wconf 89' lang='lat' dir='ltr'>misceri</span> <span class='ocrx_word' id='word_1_195' title='bbox 1521 2916 1736 2968; x_wconf 88' lang='lat' dir='ltr'>cuncta</span> <span class='ocrx_word' id='word_1_196' title='bbox 1762 2908 2027 2967; x_wconf 88' lang='lat' dir='ltr'>tenebris</span> 
     </span>
     <span class='ocr_line' id='line_1_29' title="bbox 220 3004 2027 3082; baseline -0.001 -16"><span class='ocrx_word' id='word_1_197' title='bbox 220 3013 285 3066; x_wconf 89' lang='lat' dir='ltr'>et</span> <span class='ocrx_word' id='word_1_198' title='bbox 313 3004 493 3063; x_wconf 86' lang='lat' dir='ltr'>armis</span> <span class='ocrx_word' id='word_1_199' title='bbox 522 3004 707 3063; x_wconf 88' lang='lat' dir='ltr'>iubet.</span> <span class='ocrx_word' id='word_1_200' title='bbox 792 3011 925 3062; x_wconf 88' lang='lat' dir='ltr'>tum</span> <span class='ocrx_word' id='word_1_201' title='bbox 951 3023 1094 3063; x_wconf 86' lang='lat' dir='ltr'>vero</span> <span class='ocrx_word' id='word_1_202' title='bbox 1122 3004 1408 3082; x_wconf 87' lang='lat' dir='ltr'>strepitus</span> <span class='ocrx_word' id='word_1_203' title='bbox 1437 3005 1677 3078; x_wconf 88' lang='lat' dir='ltr'>dissoni,</span> <span class='ocrx_word' id='word_1_204' title='bbox 1709 3024 2027 3065; x_wconf 89' lang='lat' dir='ltr'>concursus</span> 
     </span>
     <span class='ocr_line' id='line_1_30' title="bbox 221 3100 2025 3178; baseline 0.001 -17"><span class='ocrx_word' id='word_1_205' title='bbox 221 3101 453 3174; x_wconf 89' lang='lat' dir='ltr'>incerti,</span> <span class='ocrx_word' id='word_1_206' title='bbox 497 3120 693 3178; x_wconf 90' lang='lat' dir='ltr'>neque</span> <span class='ocrx_word' id='word_1_207' title='bbox 721 3100 978 3160; x_wconf 87' lang='lat' dir='ltr'>feriendi</span> <span class='ocrx_word' id='word_1_208' title='bbox 1005 3120 1198 3178; x_wconf 90' lang='lat' dir='ltr'>neque</span> <span class='ocrx_word' id='word_1_209' title='bbox 1227 3100 1567 3161; x_wconf 88' lang='lat' dir='ltr'>declinandi</span> <span class='ocrx_word' id='word_1_210' title='bbox 1610 3101 2025 3178; x_wconf 85' lang='lat' dir='ltr'>providentia:</span> 
     </span>
     <span class='ocr_line' id='line_1_31' title="bbox 221 3197 2116 3275; baseline 0.002 -17"><span class='ocrx_word' id='word_1_211' title='bbox 221 3198 383 3258; x_wconf 89' lang='lat' dir='ltr'>unde</span> <span class='ocrx_word' id='word_1_212' title='bbox 425 3198 647 3257; x_wconf 87' lang='lat' dir='ltr'>clamor</span> <span class='ocrx_word' id='word_1_213' title='bbox 686 3197 996 3269; x_wconf 88' lang='lat' dir='ltr'>acciderat,</span> <span class='ocrx_word' id='word_1_214' title='bbox 1029 3198 1426 3275; x_wconf 87' lang='lat' dir='ltr'>circumagere</span> <span class='ocrx_word' id='word_1_215' title='bbox 1469 3218 1730 3275; x_wconf 84' lang='lat' dir='ltr'>corpora,</span> <span class='ocrx_word' id='word_1_216' title='bbox 1776 3199 2025 3260; x_wconf 88' lang='lat' dir='ltr'>tendere</span> <span class='ocrx_word' id='word_1_217' title='bbox 2057 3225 2116 3261; x_wconf 91' lang='lat'>10</span> 
     </span>
     <span class='ocr_line' id='line_1_32' title="bbox 224 3293 2024 3372; baseline 0 -16"><span class='ocrx_word' id='word_1_218' title='bbox 224 3302 426 3369; x_wconf 82' lang='lat' dir='ltr'>artus3</span> <span class='ocrx_word' id='word_1_219' title='bbox 480 3293 633 3354; x_wconf 89' lang='lat' dir='ltr'>nibil</span> <span class='ocrx_word' id='word_1_220' title='bbox 676 3293 957 3372; x_wconf 88' lang='lat' dir='ltr'>prodesse</span> <span class='ocrx_word' id='word_1_221' title='bbox 1005 3294 1216 3364; x_wconf 78' lang='lat' dir='ltr'>virtuS,</span> <span class='ocrx_word' id='word_1_222' title='bbox 1253 3293 1374 3353; x_wconf 87' lang='lat' dir='ltr'>fors</span> <span class='ocrx_word' id='word_1_223' title='bbox 1422 3301 1636 3354; x_wconf 87' lang='lat' dir='ltr'>cuncta</span> <span class='ocrx_word' id='word_1_224' title='bbox 1676 3295 1918 3355; x_wconf 90' lang='lat' dir='ltr'>turbare</span> <span class='ocrx_word' id='word_1_225' title='bbox 1961 3302 2024 3356; x_wconf 88' lang='lat' dir='ltr'>et</span> 
     </span>
    </p>
   </div>
  </div>
 </body>
</html>
