2261 3684
271 265 344 324 46
806 262 1204 323 CORNELII
1238 262 1519 324 TACITI

265 423 454 484 issimi
475 423 951 484 Vitellianorum.
1003 424 1304 484 modicum
1322 424 1407 484 ibi
1429 424 1720 503 proelium
1742 372 2079 503 ifflpfoviso

265 520 548 594 tumultu,
580 521 685 581 sed
713 541 1061 600 prosperum
1100 522 1443 582 Vitellianis
1483 522 1618 583 fuit.
1705 522 1969 583 Sabinus
2011 541 2079 580 re

268 617 534 696 trepidat
593 618 780 697 quod·
822 619 1192 678 tutissimum
1260 638 1311 678 e·
1361 619 1791 697 praesentibus,
1871 631 2080 678 arcem
2190 642 2195 645 ·

267 713 551 791 Capitolii
578 695 1008 822 insedissnjxto
1029 714 1222 774 milite
1244 721 1306 774 et
1333 715 1691 793 quibusdam
1721 720 2079 774 senatorum

179 837 243 874 20
266 811 670 889 equitumque,
702 831 955 889 quorum
983 812 1227 893 nomina
1254 807 1489 895 tradere
1518 812 1681 877 haud
1720 814 2079 890 promptum

268 916 375 979 est,
420 909 704 987 quoniam
758 910 984 997 victote
1026 908 1405 987 Vespasiano,
1438 909 1615 968 multi
1648 908 1723 987 hid
1783 909 2079 985 meritum

265 1026 406 1085 erga
457 1010 657 1084 partes
711 992 1077 1066 simulavere.
1164 992 1480 1066 subierunt
1534 1007 1834 1067 obsidium
1885 1005 2078 1066 etiam

265 1103 539 1176 feminae,
558 1104 720 1163 inter
741 1123 896 1181 quas?
907 1100 1169 1164 maxime
1192 1103 1445 1182 insignis
1465 1103 1769 1163 Verulana
1790 1102 2073 1176 Gratilla,

267 1219 460 1278 neque
501 1201 717 1261 liberos
758 1220 953 1278 neque
995 1201 1361 1279 propinquos
1403 1201 1508 1276 sed
1562 1200 1786 1261 bellum
1842 1207 2069 1260 secuta.

180 1323 241 1376 25
266 1297 625 1357 Vitellianus
652 1298 823 1359 miles
853 1294 1085 1389 Qcordi
1107 1271 1623 1454 cugtwlaufioe
1644 1296 2047 1357 circumdedit
2055 1321 2071 1372 ;

268 1415 453 1472 eoque
482 1396 767 1455 concubia
794 1404 968 1456 noete
997 1415 1134 1454 suos
1162 1395 1246 1454 lib
1407 1394 1662 1455 Sabinus
1690 1401 1753 1453 et
1773 1394 2076 1453 Domitia-

266 1511 411 1571 num
450 1491 652 1551 fratris
695 1493 883 1570 filium
923 1493 988 1551 in
1031 1491 1398 1571 Capitolium
1447 1491 1675 1566 accivit,
1721 1483 1905 1550 misso
1963 1509 2075 1568 per

267 1559 639 1667 neglectafad
667 1584 984 1667 Flavianos
1027 1589 1207 1659 duces
1240 1589 1471 1669 nuntio,
1505 1589 1609 1667 qui
1652 1586 2066 1647 circumsideri

268 1687 427 1765 ipsos
454 1692 532 1760 et,
563 1686 627 1744 ni
655 1668 1087 1760 subveniietur,
1119 1656 1283 1745 &ab
1294 1675 1401 1746 ‘res
1421 1685 1742 1746 nuntiaret.
1828 1690 2069 1744 noctem

182 1811 245 1861 30
269 1783 416 1842 adeo
472 1783 735 1861 quietam
779 1783 918 1863 egit,
963 1789 1032 1842 ut
1073 1782 1310 1862 digredi
1367 1782 1494 1842 sine
1551 1802 1710 1842 noxa
1764 1781 2065 1871 potuefit:

268 1882 488 1960 quippe
515 1881 685 1970 miles
711 1864 946 1962 Vitellii
973 1881 1257 1941 adversus
1278 1881 1539 1959 pericula
1554 1881 1740 1953 ferox,
1762 1872 2067 1940 laboribus

268 1986 330 2039 et
369 1977 590 2057 vigiliis
630 1971 866 2056 parum?
897 1977 1170 2053 inte-ntus
1226 1984 1371 2051 erat,
1415 1984 1478 2037 et
1534 1977 1819 2037 hibernus
1874 1976 2068 2035 imber

267 2082 511 2154 repente
538 2076 706 2135 fusus
735 2074 934 2135 oculos
962 2094 1252 2151 auresque
1279 2073 1659 2151 impediebat.
1795 2149 1885 2173 sm
1903 2142 1919 2170 L
2006 2114 2019 2165 (

163 2171 243 2236 70
348 2172 537 2231 LXX.
602 2172 761 2231 Luce
819 2171 1014 2249 prima
1070 2171 1344 2256 Sabinus,
1390 2177 1710 2249 antequam
1768 2170 1833 2230 in
1869 2151 2065 2230 'vicem

265 2269 507 2330 hostilia
524 2276 885 2347 coeptarent,
912 2268 1256 2330 Cornelium
1280 2268 1622 2341 Martialem
1651 2288 1682 2327 e
1710 2267 2065 2351 primipilat-

266 2367 400 2427 ibus
428 2366 505 2426 ad
533 2365 845 2426 Vitellium
875 2366 1039 2436 misit
1059 2386 1193 2426 cum
1228 2364 1527 2440 mandatis
1551 2372 1611 2425 et
1639 2372 1872 2443 questu,
1905 2365 2065 2442 quod

268 2463 856 2542 pactalturbarentur
881 2486 892 2522 :
935 2462 1376 2522 simulationem
1398 2481 1639 2542 morsus
1662 2468 1724 2521 et
1742 2451 2064 2540 imaginem

211 2584 238 2637 5
268 2533 611 2639 deffi'dn‘e‘iidi
635 2548 793 2638 impe
831 2560 866 2573 “
906 2559 1089 2619 fuisse
1127 2559 1203 2619 ad
1243 2518 1625 2637 decissiendos
1657 2535 1753 2619 tot
1784 2558 2063 2620 inlustres

265 2659 442 2719 viros.
528 2658 826 2723 curenim
849 2658 1120 2733 erostris
1147 2657 1348 2717 fratris
1377 2657 1636 2731 domum,
1668 2656 2062 2717 inminentem

264 2757 394 2817 foro
421 2721 830 2854 etQinfitandis
864 2728 1180 2846 bominum
1221 2754 1424 2826 oculis,
1470 2773 1650 2831 quam
1690 2754 2062 2814 Aventinum

263 2861 326 2913 et
365 2860 610 2932 penates
667 2853 872 2913 uxoris
927 2852 1221 2935 petisset?
1277 2852 1367 2911 ita
1404 2851 1643 2930 privato
1704 2859 1765 2911 et
1826 2871 2061 2911 omnem

262 2951 632 3029 principatus
661 2950 916 3027 speciem
944 2948 1167 3008 vitanti
1194 2937 1554 3008 convenisse.v
1642 2955 1850 3008 contra
1875 2947 2062 3008 Vitel-

180 3074 239 3110 10
263 3048 409 3108 lium
438 3048 503 3107 in
529 3046 848 3122 Palatium,
880 3046 943 3105 in
971 3045 1163 3124 ipsam
1192 3037 1428 3123 imperii
1458 3064 1651 3105 arcem
1693 3065 2023 3123 regressum
2048 3071 2060 3107 :

1360 3149 1613 3201 stratam
1649 3142 2059 3216 innocentium

1329 3246 1578 3316 partem,
1629 3258 1705 3298 ne
1762 3238 2058 3319 Capitolio

1331 3355 1500 3414 empe
1540 3355 1603 3395 se
1662 3341 1724 3395 et
1778 3356 1965 3396 unum
2024 3358 2057 3399 e
