2261 3684
661 235 1259 298 IIISTOBIARUM
1293 236 1445 296 LIB.
1499 237 1604 298 IV.
1965 242 2040 299 93

232 404 442 458 contra
473 396 591 471 dici
619 417 742 456 non
769 404 1010 476 posset3
1057 397 1245 476 igitur
1285 398 1349 456 in
1391 400 1756 476 praetorium
1799 402 2038 480 accepti.

234 493 380 554 dein
436 496 654 573 quibus
710 503 874 555 aetas
930 503 992 555 et
1047 495 1208 555 iusta
1263 496 1579 573 stipendia,
1632 497 1861 557 dimissi
1910 519 2045 558 cum

234 592 483 667 honore,
530 592 632 652 alii
674 593 753 653 ob
795 592 1047 670 culpam,
1089 591 1193 652 sed
1237 593 1490 671 carptim
1531 613 1599 653 ac
1647 595 1881 673 singuli,
1926 616 2046 674 quo
2072 602 2131 654 35

232 689 537 750 tutissimo
565 690 828 751 remedio
858 709 1180 750 consensus
1219 690 1627 750 multitudinis
1665 700 2039 753 extenuatur.

316 787 570 846 XLVII.
621 787 904 848 Ceterum
931 807 1150 847 verane
1179 788 1460 865 pauperie
1491 807 1566 848 an
1595 789 1685 848 uti
1719 790 2042 866 videretur,
2070 786 2150 849 47

234 891 441 943 actum
471 885 534 943 in
565 892 793 956 senatu,
815 890 906 943 -ut
935 884 1295 944 sescentiens
1337 885 1679 945 sestertium
1721 906 1757 945 a
1796 887 2046 965 privatis

235 989 522 1040 mutuum
551 982 916 1059 acciperetur
942 981 1437 1059 praepositusque
1459 982 1514 1041 ei
1532 1002 1704 1042 curae
1726 982 2046 1064 Pompeius

231 1077 534 1138 Silvanus.
622 1099 731 1139 nec
760 1077 951 1138 multo
979 1085 1117 1156 post
1146 1079 1467 1138 necessitas
1497 1079 1648 1139 abiit
1673 1080 1798 1140 sive
1827 1082 2043 1142 omissa

230 1174 555 1235 simulatio.
671 1176 941 1254 abrogati
986 1174 1127 1234 inde
1173 1174 1366 1254 legem
1421 1175 1649 1236 ferente
1692 1176 2041 1240 Domitiano
2071 1198 2097 1251 5

229 1272 591 1346 consulatus,
625 1292 777 1350 quos
794 1271 1078 1332 Vitellius
1096 1271 1361 1346 dederat,
1382 1273 1681 1351 funusque
1709 1277 2041 1337 censorium

226 1368 443 1428 Flavio
493 1368 714 1429 Sabino
769 1368 1037 1442 ductum,
1081 1389 1297 1448 magna
1337 1368 1696 1430 documenta
1749 1373 2044 1435 instabilis

226 1467 510 1526 fortunae
539 1485 889 1544 summaque
933 1473 995 1526 et
1028 1466 1150 1525 ima
1190 1467 1509 1526 miscentis.

313 1563 603 1623 XLVIII.
678 1562 806 1623 Sub
854 1562 1015 1623 idem
1059 1571 1295 1641 tempus
1342 1564 1409 1622 L.
1458 1561 1597 1622 Piso
1644 1584 1754 1641 pro
1802 1569 2041 1630 consule
2066 1576 2146 1639 48

228 1660 607 1720 interficitur.
682 1679 752 1720 ea
772 1659 847 1719 de
871 1659 1049 1719 caede
1079 1679 1260 1737 quam
1290 1660 1596 1720 verissime
1691 1679 1789 1718 Piso
1807 1681 1857 1719 in
1874 1681 2037 1731 mica.

227 1755 565 1834 expediam,
598 1756 650 1816 si
677 1776 867 1835 pauca
895 1776 1075 1834 supra
1102 1745 1410 1833 repetiero'
1426 1757 1500 1815 ab
1529 1756 1704 1816 initio
1733 1758 2039 1835 causisque

228 1854 445 1914 talium
513 1855 843 1915 facinorum
898 1874 1020 1914 non
1090 1853 1363 1914 absurda.
1488 1855 1643 1933 legio
1710 1855 1774 1913 in
1835 1856 2043 1917 Africa

229 1952 573 2030 auxiliaque
614 1952 886 2012 tutandis
913 1952 1151 2030 imperii
1183 1952 1401 2012 finibus
1443 1952 1554 2012 sub
1596 1952 1736 2011 divo
1767 1955 2040 2031 Augusto
2068 1989 2097 2042 5

229 2050 593 2128 Tiberioque
648 2050 1015 2129 principibus
1070 2050 1408 2127 proconsuli
1461 2051 1762 2127 parebant.
1898 2071 2040 2112 mox

231 2148 420 2209 Gaius
476 2148 712 2219 Caesar,
759 2147 1037 2207 turbidus
1092 2147 1278 2206 animi
1333 2168 1400 2206 ac
1440 2147 1711 2207 Marcum
1769 2148 2038 2208 Silanum

229 2246 607 2306 obtinentem
676 2245 940 2304 Africam
1009 2251 1299 2318 metuenS,
1372 2244 1633 2304 ablatam
1702 2247 2039 2324 proconsuli

228 2342 530 2421 legionem
556 2342 737 2401 misso
767 2341 831 2400 in
860 2361 992 2401 eam
1020 2361 1148 2401 rem
1176 2340 1373 2419 legato
1394 2341 1661 2401 tradidit.
1748 2352 2038 2420 aequatus

229 2441 395 2500 inter
462 2439 612 2499 duos
672 2430 1094 2499 beneficiorum
1165 2457 1464 2512 numerus,
1536 2445 1598 2498 et
1689 2483 1958 2524 oovemment
1997 2479 2128 2534 0s10

227 2536 440 2598 mixtis
523 2537 834 2613 utriusque
918 2535 1218 2594 mandatis
1300 2535 1597 2595 discordia
1638 2534 1702 2573 ‘k‘
1714 2534 1928 2582 province.

229 2635 505 2713 quaesita
600 2640 891 2710 auctaque
974 2652 1158 2710 pravo
1240 2633 1577 2693 certamine.
1706 2632 2037 2710 legatorum

228 2731 323 2791 vis
381 2730 644 2790 adolevit
686 2729 1090 2788 diuturnitate
1135 2728 1328 2802 officii,
1371 2729 1469 2789 vel
1511 2729 1652 2807 quia
1705 2728 2037 2789 minoribus

228 2829 423 2889 maior
478 2826 818 2887 aemulandi
860 2846 1014 2897 cura,
1059 2826 1481 2903 proconsulum
1524 2826 2038 2905 splendidissimus

230 2927 487 3006 quisque
515 2924 816 2984 securitati
845 2923 1032 3001 magis
1061 2943 1243 3001 quam
1285 2924 1588 3001 potentiae
1631 2924 2032 2986 consulebant.
2069 2944 2126 2997 15

313 3022 537 3083 XLIX.
613 3020 734 3081 Sed
754 3027 885 3079 tum
913 3019 1208 3098 legionem
1235 3020 1299 3079 in
1344 3021 1543 3080 Africa
1584 3020 1828 3099 regebat
1868 3020 2036 3080 Vale·
2063 3026 2143 3090 49

231 3121 357 3182 rius
392 3120 626 3188 Festus,
658 3125 1040 3194 sumptuosae
1083 3116 1519 3177 adulescentiae
1563 3137 1756 3194 neque
1804 3118 2039 3179 modica

233 3218 482 3295 cupiens
512 3222 575 3275 et
603 3215 915 3274 adfinitate
938 3214 1175 3274 Vitellii
1214 3215 1441 3273 anxius,
1504 3214 1555 3273 is
1576 3215 1796 3274 crebris
1825 3236 2040 3276 sermo-

232 3316 414 3376 nibus
454 3313 918 3391 temptaveritne
960 3311 1235 3371 Pisonem
1283 3310 1359 3370 ad
1402 3330 1495 3369 res
1529 3331 1716 3370 novas
1746 3333 1820 3371 an
1851 3322 2039 3392 temp-
