2261 3684
677 233 1068 298 HISTORIA
1075 236 1266 298 RUM
1299 237 1454 297 LIB.
1511 239 1575 298 V.
1915 242 2026 300 127

225 396 335 457 sed
363 397 517 457 nihil
546 418 731 476 aeque
760 418 939 477 quam
979 399 1183 476 inopia
1225 418 1414 476 aquae
1457 399 1767 478 fatigabat,
1796 400 2032 478 iamque

227 495 392 555 haud
447 495 653 574 procul
695 496 884 557 exitio.
921 495 1066 603 totis
1114 497 1340 575 campis
1398 497 1853 574 procubuerant,
1897 518 2032 558 cum
2140 550 2149 555 „

227 611 379 671 grex
420 593 721 653 asinorum
763 571 1084 671 agrestium
1125 613 1160 653 e
1199 601 1376 672 pastu
1420 594 1485 653 in
1534 613 1743 672 rupem
1791 613 2034 655 nemore
2065 613 2122 667 ¹5
2154 554 2188 660 ἶ

230 709 478 773 opacam
506 665 809 750 fflssit.
895 693 1133 751 ⁸06th
1160 690 1230 750 M
1231 661 1783 793 oysesxconiectur‘f
1800 691 2036 773 herbidi

145 778 345 847 “¹soli
409 807 580 866 argas
620 807 910 866 aquarum
958 806 1140 855 venas
1196 788 1404 870 aperit.
1517 787 1581 847 id
1634 775 1927 863 feramen,
1974 797 2038 849 et

159 886 170 893 ”
231 864 396 944 conti
439 905 586 946 uum
640 892 747 945 sex
800 883 1036 951 dierum
1090 884 1210 944 iter
1229 870 1243 995 ὶ
1262 885 1485 945 emens‘
1545 877 1803 987 septimd
1848 885 2037 965 pulsis

231 981 562 1042 cultoribus
591 981 903 1061 optinuere
941 989 1149 1054 terras,
1179 980 1244 1041 in
1286 982 1422 1060 quis
1461 1002 1500 1041 u
1534 982 1603 1045 bs
1642 990 1703 1043 et
1745 983 2037 1062 templum
2023 1028 2185 1081 s

231 1077 445 1139 dicata.
1038 1149 1046 1163 ν
1444 1138 1449 1149 ,
2062 1094 2128 1139 2'0

314 1176 422 1237 IV.
466 1176 711 1254 Moyses
751 1195 871 1255 quo
899 1175 1014 1241 sibi
1035 1168 1105 1239 'tin
1134 1164 1449 1254 posterum¹
1482 1184 1725 1255 gentem
1752 1177 2034 1252 firmaret,
2062 1176 2104 1239 4

229 1292 424 1333 novos
462 1272 617 1333 ritus
659 1273 1102 1351 contrariosque
1140 1273 1352 1333 ceteris
1393 1293 1454 1332 m
1494 1274 1745 1334 rtalibus
1794 1273 2031 1334 indidit.

230 1354 488 1449 profana
509 1370 630 1430 illic
660 1369 859 1430 omnia
885 1390 1039 1448 quae
1069 1368 1231 1448 apud
1259 1389 1368 1429 nos
1397 1389 1578 1443 sacra,
1624 1346 1863 1431 rursum
1905 1391 2038 1432 con·

232 1488 396 1527 cessa
421 1466 583 1547 apud
609 1467 743 1527 illos
769 1486 922 1545 quae
943 1438 1243 1535 nobis‘i‘n‘d
1275 1486 1304 1525 s
1394 1446 1449 1487 ε’
1472 1467 1723 1546 effigiem
1746 1466 2036 1542 animalis,

231 1586 353 1646 quo
395 1572 774 1645 monstrante
783 1532 1090 1666 [dl-”ffire'n‘s
1103 1546 1395 1720 'sikimque
1444 1564 1815 1652 depulerant,
1867 1586 2040 1645 pene-
2067 1581 2094 1635 5

89 1711 114 1736 ,,
129 1708 178 1729 ψ
209 1663 374 1729 ‚tr-ali
428 1682 748 1741 sacravere,
808 1681 977 1737 caeso
1121 1681 1154 1721 e
1187 1681 1218 1720 e
1267 1660 1443 1720 velut
1496 1662 1560 1721 in
1615 1663 2040 1724 contumeliam

231 1759 592 1820 Hammonis
616 1782 633 1834 3
672 1759 782 1846 bos
795 1777 1036 1837 quoque
1053 1744 1414 1831 immolatur,
1441 1758 1724 1836 quoniam
1747 1760 2037 1840 Aegyptii

230 1858 399 1938 Apin
447 1856 665 1917 colunt.
773 1876 882 1940 sup
927 1855 1234 1918 abstinent
1276 1857 1564 1916 memoria
1618 1857 1817 1933 cladis,
1877 1859 2038 1938 quod

221 1976 251 2036 ⁴1
327 1973 426 2034 os2
447 1974 475 2014 s
546 1953 671 2016 bies
739 1953 1044 2040 quondam
1104 1960 1470 2030 turpaverat,
1530 1954 1626 2013 cui
1684 1954 1750 2014 id
1812 1956 2065 2017 animal
2104 2011 2119 2040 ·,
2226 1927 2231 1940 ³

196 1974 578 2146 Ἓξῧιῗᾷἷὲἒι.
663 2051 904 2129 longam
933 2050 1078 2110 olim
1102 2050 1323 2109 famem
1345 2051 1564 2111 crebris
1585 2051 1780 2113 adhuc
1797 2053 2037 2115 ieiuniis
2066 2041 2133 2107 ἰδ’

228 2151 515 2223 fatentur,
574 2156 637 2209 et
688 2155 996 2228 raptarum
1062 2147 1307 2226 frugum
1374 2150 1796 2226 argumentum
1865 2153 2036 2231 panis

231 2247 513 2309 Iudaicus
581 2246 748 2310 nullo
815 2246 1110 2313 fermento
1180 2237 1501 2344 detinetur.
1615 2248 1869 2325 septimo
1937 2250 2036 2311 die

229 2346 424 2407 otium
453 2343 744 2422 placuisse
773 2342 994 2418 ferunt,
1015 2342 1168 2419 quia
1194 2341 1247 2401 is
1282 2341 1463 2402 finem
1493 2342 1765 2404 laborum
1792 2346 2036 2424 tulerit3

226 2442 370 2504 dein
441 2440 748 2504 landiente
773 2439 994 2500 inertia
1051 2439 1346 2517 eptimum
1373 2459 1609 2517 quoque
1631 2462 1854 2502 annum
1875 2445 2037 2524 igna-
2072 2493 2079 2496 -

228 2540 362 2601 viae
449 2546 633 2598 atum.
707 2536 821 2597 alii
862 2536 1021 2596 hono
1089 2556 1150 2594 m
1193 2555 1329 2597 eum
1372 2536 1632 2596 Saturno
1674 2538 1898 2614 haberi,
1930 2562 2033 2602 seu
2065 2553 2121 2607 15

225 2635 524 2716 principia
591 2633 894 2712 religionis
963 2632 1341 2693 tradentibus
1410 2633 1623 2709 Idaeis,
1682 2657 1830 2715 quos
1898 2658 2034 2699 cum

228 2734 491 2794 Saturno
534 2730 736 2809 pulsos
785 2737 847 2789 et
886 2719 1225 2790 conditores
1266 2730 1463 2809 gentis
1504 2750 1593 2789 ac-
1684 2794 1720 2833 V
1744 2793 1929 2834 mdc
1978 2795 2014 2835 ἃ

226 2829 510 2910 cepimus,
556 2847 661 2888 seu
688 2826 850 2906 quod
887 2826 962 2887 de
1004 2833 1233 2906 septem
1275 2826 1586 2902 sideribus,
1632 2805 1840 2891 ofJ‘me
1851 2797 2035 2895 ηιῶῗωῖ

228 2928 364 3007 quis
430 2946 518 2986 res
585 2924 865 2984 mortales
933 2932 1192 3003 reguntu
1301 2924 1589 2985 altissimo
1632 2894 1722 2933 “⁷²⁰¹
1741 2899 1912 2935 mutam.

227 2997 485 3102 iis-&fit
524 3023 845 3101 praecipua
884 3021 1158 3100 potentia
1198 3021 1371 3082 stella
1413 3021 1655 3081 Saturni
1699 3021 1950 3150 feratuss
1966 3042 2032 3120 ac
2058 3045 2123 3081 20

224 3123 511 3202 pleraque
539 3119 881 3180 caelestium
908 3119 1033 3180 vim
1074 3140 1241 3179 suam
1284 3127 1346 3179 et
1387 3138 1592 3178 cursus
1622 3125 1898 3197 septenos
1926 3139 2032 3198 per

227 3237 505 3279 numeros
533 3217 885 3295 compleant.

308 3315 381 3386 V,
426 3315 511 3375 Hi
540 3315 693 3375 ritus
715 3295 958 3408 Quoquo
986 3312 1167 3372 modo
1194 3281 1809 3414 inductiixantiquitate
1831 3313 2026 3374 defen·
2055 3319 2095 3387 5

2116 3477 2153 3506 f
