2261 3684
621 222 1075 287 HISTORIAR
1088 226 1211 287 ΠΜ
1253 224 1408 286 LIB.
1456 223 1564 285 IV.
1883 226 1996 286 123

193 386 643 447 conscendisse:
698 387 919 446 mirum
959 387 1100 446 inde
1143 386 1329 457 dictu,
1387 386 1565 446 tertio
1606 386 1706 446 die
1759 392 1998 446 tantum

192 483 380 542 maris
443 484 666 543 emensi
722 483 1156 543 Alexandriam
1210 483 1609 561 adpelluntur.
1706 484 1999 562 templum

193 599 305 656 pro
358 580 775 656 magnitudine
830 581 996 641 urbis
1046 589 1390 641 extructum
1444 581 1590 655 loc0,
1642 580 1737 640 cui
1779 601 1999 641 nomen

194 676 517 745 Rhacotis;
559 678 756 738 fuerat
796 677 919 738 illic
969 678 1252 738 sacellum
1302 677 1577 756 Serapidi
1622 685 1804 756 atque
1848 677 1998 738 Isidi

195 774 532 852 antiquitus
573 782 884 836 sacratum.
933 776 1078 839 haec
1121 775 1197 835 de
1240 777 1470 854 origine
1513 782 1575 836 et
1616 775 1870 835 advectu
1900 775 2000 836 dei
2023 806 2088 843 20

196 871 595 933 celeberrima.
699 893 808 933 nec
863 893 994 933 sum
1049 873 1293 952 ignarus
1347 892 1474 933 esse
1530 873 1834 950 quosdam,
1894 873 1999 950 qui

197 968 467 1030 Seleucia
506 971 653 1030 urbe
693 970 902 1030 Suriae
944 970 1201 1030 accitum
1240 954 1528 1049 regnante
1569 970 1994 1041 Ptolemaeum,

194 1065 416 1137 sedem,
448 1087 524 1127 ex
561 1087 678 1145 qua
709 1068 1033 1138 transierit,
1065 1067 1402 1146 Memphim
1444 1067 1778 1146 perhibent,
1816 1068 1999 1128 inclu-

194 1169 322 1222 tam
350 1163 493 1222 olim
537 1170 598 1222 et
640 1163 859 1224 veteris
900 1163 1168 1242 Aegypti
1211 1164 1498 1224 columen.
1574 1164 1754 1224 deum
1801 1164 1995 1242 ipsum

194 1260 376 1320 multi
399 1260 841 1339 Aesculapium,
873 1260 1034 1339 quod
1066 1260 1382 1320 medeatur
1409 1261 1600 1340 aegris
1631 1262 1993 1339 corporibus»,
2022 1291 2086 1342 25

197 1356 446 1435 quidam
487 1357 706 1429 Osirin,
751 1357 1238 1435 antiquissimum
1279 1358 1400 1417 illis
1442 1358 1723 1436 gentibus
1752 1377 1994 1432 numen,

196 1455 467 1533 plerique
509 1455 714 1515 Iovem
740 1462 810 1514 ut
837 1475 1037 1515 rerum
1080 1455 1350 1515 omnium
1390 1462 1716 1533 potentem,
1749 1455 1994 1533 plurimi

197 1551 407 1611 Ditem
454 1559 685 1628 patrem
739 1551 1091 1629 insignibuS,
1151 1572 1302 1630 quae
1344 1551 1410 1610 in
1463 1551 1596 1629 ipso
1654 1551 1993 1624 manifesta,

196 1656 305 1708 aut
344 1669 452 1726 per
492 1650 770 1727 ambages
811 1648 1162 1708 coniectant.

277 1745 588 1806 LXXXV.
636 1746 724 1805 At
766 1745 1151 1805 Domitianus
1194 1745 1630 1823 Mucianusque
1673 1752 1997 1824 antequam
2024 1755 2103 1819 85

197 1842 457 1921 Alpibus
496 1844 985 1921 propinquarent,
1019 1863 1334 1921 prosperos
1375 1863 1575 1904 rerum
1617 1842 1682 1903 in
1722 1842 1998 1904 Treveris

197 1946 503 2019 gestarum
529 1940 776 2000 nuntios
804 1960 1096 2019 accepere.
1186 1940 1506 2018 praecipua
1533 1940 1820 2000 victoriae
1849 1940 1998 1999 fides

198 2038 327 2097 dux
367 2036 631 2096 hostium
672 2036 1040 2097 Valentinus
1083 2057 1463 2115 nequaquam
1505 2037 1737 2097 abiecto
1779 2038 1994 2109 anim0‚

200 2154 350 2213 quos
409 2134 653 2212 spiritus
721 2134 1013 2212 gessisset,
1078 2134 1254 2194 vultu
1306 2133 1548 2194 ferebat.
1658 2173 2000 2214 Domitian’a
2026 2165 2054 2219 5

198 2230 446 2291 auditus
524 2230 660 2290 ideo
741 2237 995 2305 tantum,
1073 2239 1144 2290 ut
1214 2238 1560 2291 nosceretur
1592 2226 1873 2315 ffiwm?
1885 2225 2001 2315 ,affl

198 2328 508 2407 ingenium
609 2328 753 2400 eius,
865 2327 1301 2405 damnatusque
1401 2328 1561 2388 inter
1601 2326 1655 2375 (Ψ
1672 2326 1918 2365 1⁵¹an-

197 2427 399 2505 ipsum
440 2424 796 2503 supplicium
839 2424 1228 2503 exprobranti
1275 2423 1510 2484 cuidam
1562 2425 1818 2502 patriam
1874 2425 2001 2485 eius

198 2529 440 2601 captam
487 2522 749 2599 accipere
793 2542 855 2581 se
897 2521 1180 2581 solacium
1230 2521 1439 2581 mortis
1487 2521 1810 2600 respondit.
1896 2522 2001 2582 sed

198 2619 517 2678 Mucianus
588 2617 751 2696 quod
825 2617 933 2677 diu
1008 2618 1424 2691 occultaverat,
1495 2625 1567 2678 ut
1632 2637 1838 2679 recens
1906 2639 2002 2679 ex·
2031 2654 2090 2690 10

199 2714 511 2796 prompsit,
543 2700 826 2793 quoniam
853 2715 1225 2794 benignitate
1267 2715 1448 2775 deum
1489 2715 1710 2782 fractae
1737 2716 2000 2776 hostium

201 2813 358 2872 vires
379 2811 592 2885 forent,
615 2830 829 2889 parum
850 2811 1061 2871 decore
1083 2811 1501 2871 Domitianum
1522 2812 1789 2872 confecto
1816 2832 2001 2891 prope

200 2909 360 2970 bello
389 2907 615 2969 alienae
644 2908 867 2987 gloriae
896 2909 1394 2969 interventurum.
1458 2909 1518 2967 -si
1547 2916 1740 2968 status
1767 2909 2002 2988 imperii

202 3014 309 3066 aut
336 3007 495 3066 salus
524 3005 856 3066 Galliarum
884 3006 947 3065 in
976 3005 1320 3066 discrimine
1349 3013 1699 3079 verteretur,
1729 3005 2004 3066 debuisse

203 3104 521 3165 Gaesarem
586 3103 652 3162 in
706 3103 829 3162 acie
899 3110 1073 3177 stare,
1148 3103 1572 3163 Canninefates
1626 3103 2002 3181 Batavosque
2035 3135 2092 3188 15

203 3200 542 3261 minoribus
600 3199 853 3259 ducibus
909 3199 1309 3279 delegandos:
1371 3199 1499 3277 ipse
1537 3198 1840 3276 Lugudini
1879 3200 2002 3260 vim

200 3299 629 3376 fortunamque
687 3296 1060 3375 principatus
1102 3317 1135 3356 e
1175 3297 1451 3376 proximo
1508 3304 1850 3363 ostentaret,
1895 3317 2003 3358 nec
