2261 3684
711 261 1164 323 HISTORIAR
1178 262 1308 323 UM
1341 264 1433 323 LI
1432 263 1499 323 B.
1543 264 1651 324 IV.
1972 270 2084 327 115

280 429 439 483 sunt.
526 423 643 502 ipsi
684 423 1036 502 plerumque
1077 424 1410 502 legionibus
1452 425 1672 485 nostris
1716 426 2084 504 praesidetiS,

280 520 400 598 ipsi
465 519 574 581 has
656 521 921 600 aliasque
996 522 1331 600 provincias
1400 523 1646 600 regitis3
1737 566 1947 615 Apolofia
2004 577 2087 614 Pro

280 617 437 677 nihil
497 626 837 698 separatum
886 619 1242 679 clausumve.
1349 626 1409 679 et
1446 618 1648 679 lauda·
1687 617 1864 665 imperio
1883 618 2084 656 Romano.

281 721 482 775 torum
547 717 884 796 principum
940 737 1080 777 usus
1146 738 1222 777 ex
1257 737 1475 795 -aequo
1544 717 1814 795 quamvis
1882 715 2087 795 procul
2118 737 2177 772 10

281 814 633 891 agentibus:
702 813 864 874 saevi
931 814 1221 892 proximis
1295 814 1603 892 ingruunt.
1715 834 1834 892 quo
1908 813 2086 873 modo

280 909 665 972 sterilitatem
720 917 823 970 aut
890 910 1107 970 nimios
1163 911 1384 973 imbres
1452 919 1514 970 et
1576 918 1772 971 cetera
1840 918 2085 970 naturae

280 1007 455 1082 mala,
487 1008 575 1069 ita
613 1009 826 1068 luxum
866 1008 961 1068 vel
1003 1009 1317 1068 avaritiam
1349 1008 1790 1068 dominantium
1818 1008 2082 1068 tolerate.

280 1105 433 1164 vitia
488 1113 680 1180 erunt,
740 1105 929 1166 donec
983 1105 1274 1180 homines,
1332 1105 1438 1166 sed
1493 1125 1688 1184 neque
1743 1105 1888 1165 haec
1956 1125 2087 1165 con-

280 1202 457 1263 tinua
496 1210 558 1264 et
597 1202 911 1263 meliorum
959 1203 1309 1263 interventu
1348 1210 1676 1281 pensantur
1704 1227 1717 1264 ε
1773 1202 1891 1263 nisi
1932 1202 2086 1262 forte
2117 1223 2177 1276 15

281 1298 509 1359 Tutore
550 1306 612 1359 et
652 1298 912 1361 Classico
940 1300 1328 1378 regnantibus
1370 1299 1733 1360 moderatius
1766 1292 2085 1377 imperium
2156 1352 2160 1356 .

280 1397 550 1474 speratis,
583 1403 689 1456 aut
724 1397 1054 1457 minoribus
1098 1416 1278 1475 quam
1319 1416 1479 1456 nunc
1511 1397 1757 1457 tributis
1799 1397 2086 1476 parabun-

281 1501 384 1554 tur
412 1495 724 1567 exercitus,
758 1494 976 1572 quibus
1004 1494 1291 1555 Germani
1317 1494 1712 1573 Britannique
1755 1500 2081 1554 arceantur.

279 1611 421 1652 nam
463 1592 668 1670 pulsis,
700 1591 862 1670 quod
903 1591 966 1651 di
1008 1591 1384 1670 prohibeant,
1416 1591 1703 1652 Romanis
1741 1592 1888 1670 quid
1923 1591 2081 1651 aliud

280 1708 461 1766 quam
528 1688 686 1748 bella
754 1689 1023 1749 omnium
1085 1688 1245 1748 inter
1313 1708 1376 1748 se
1443 1689 1715 1766 gentium
1777 1688 2081 1748 existenti
2111 1712 2176 1747 20

278 1786 764 1866 octingentorum
819 1806 1112 1847 annorum
1160 1785 1403 1847 fortuna
1459 1785 1890 1865 disciplinaque
1933 1806 2085 1846 com-

278 1905 461 1964 pages
502 1885 647 1945 haec
681 1884 926 1957 coaluit,
966 1904 1117 1962 quae
1160 1883 1415 1945 convelli
1458 1884 1585 1943 sine
1628 1884 1814 1943 exitio
1857 1883 2084 1943 convel-

276 1982 532 2042 lentium
573 2002 695 2042 non
736 1989 975 2061 potest:
1018 1980 1124 2042 sed
1162 1981 1334 2042 vobis
1373 1981 1703 2041 maximum
1746 1980 2083 2057 discrimen,

275 2100 461 2159 penes
529 2099 679 2159 quos
747 2099 958 2139 aurum
1021 2086 1086 2139 et
1153 2098 1313 2157 opeS,
1377 2078 1728 2156 praecipuae
1788 2077 2081 2138 bellorum

277 2197 504 2238 causae.
589 2175 842 2256 proinde
883 2195 1089 2255 pacem
1130 2182 1193 2236 et
1233 2176 1460 2250 urbem,
1500 2195 1680 2253 quam
1722 2176 1866 2236 victi
1901 2174 2083 2236 victo·
2122 2199 2183 2249 25

275 2296 487 2353 resque
515 2275 726 2335 eodem
765 2275 894 2334 iure
930 2274 1286 2347 obtinemus,
1319 2279 1515 2333 amate
1543 2273 1756 2334 colite:
1799 2282 2081 2333 moneant

276 2393 383 2433 vos
424 2372 736 2450 utriusque
778 2372 1053 2432 fortunae
1105 2369 1480 2444 documenta,
1523 2390 1600 2430 ne
1648 2371 2077 2430 contumaciam

276 2490 409 2530 cum
437 2470 702 2548 pernicie
731 2489 907 2548 quam
939 2468 1290 2545 obsequium
1317 2487 1451 2527 cum
1472 2468 1792 2528 securitate
1821 2467 2078 2528 malitis.’

274 2567 382 2628 tali
411 2567 681 2627 oratione
708 2566 984 2646 graviora
1010 2573 1347 2625 metuentes
1375 2565 1689 2642 conposuit
1716 2565 2038 2643 erexitque.

352 2664 603 2724 LXXV.
650 2664 1036 2724 Tenebantur
1064 2663 1290 2723 victore
1332 2663 1598 2722 exercitu
1639 2662 1900 2737 Treveri,
1940 2683 2073 2723 cum
2101 2670 2178 2735 '75

273 2763 482 2823 Civilis
539 2769 600 2822 et
655 2760 951 2822 Classicus
1008 2760 1222 2820 misere
1283 2760 1362 2820 ad
1423 2759 1715 2820 Cerialem
1770 2759 2070 2838 epistulas,

272 2879 525 2938 quarum
579 2859 724 2918 haec
790 2857 1091 2918 sententia
1145 2857 1302 2917 fuit:
1365 2856 1816 2935 Vespasianum,
1875 2855 2075 2935 quamss

271 2977 450 3035 quam
505 2956 767 3036 ¹nuntios
829 2955 1216 3027 occultarent,
1273 2955 1591 3014 excessisse
1653 2955 1796 3026 vita,
1860 2956 2070 3015 urbem

271 3062 449 3133 atque
488 3054 728 3133 Italiam
768 3053 1008 3113 interno
1049 3052 1206 3112 bello
1249 3058 1676 3130 consumptam,
1708 3051 1976 3112 Muciani
2003 3073 2070 3113 ac
2096 3083 2125 3137 5

268 3151 605 3213 Domitiani
631 3170 787 3211 vana
828 3158 888 3210 et
927 3150 1053 3210 sine
1081 3149 1310 3209 viribus
1351 3150 1628 3208 nomina:
1698 3190 1852 3231 Cim-lis,
1866 3192 2070 3241 proposaz

268 3250 318 3309 si
379 3249 629 3311 Cerialis
690 3248 1007 3326 imperium
1074 3246 1404 3307 Galliarum
1460 3246 1622 3320 velit,
1670 3246 1710 3281 ‘⁰
1729 3243 1916 3283 ‘'mali‘'-

266 3347 424 3426 ipsos
451 3347 672 3407 finibus
700 3345 1035 3406 civitatium
1064 3364 1302 3404 suarum
1327 3350 1636 3403 contentos
1660 3366 1677 3417 3
1705 3344 1754 3402 si
1777 3344 2066 3421 proelium
