2261 3684
681 239 1266 302 HISTORIARUM
1306 240 1459 300 LIB.
1508 240 1614 300 IV.
1972 240 2047 300 65

246 399 441 460 tinere
471 421 696 462 morem
719 424 736 476 3
779 407 841 460 et
869 400 1385 478 splendidissimus
1427 402 1679 479 quisque
1728 401 1935 461 eodem
1964 402 2050 461 in-

243 496 510 558 clinabat
536 506 706 557 metu
733 497 1010 571 invidiae,
1042 498 1092 556 si
1120 497 1235 575 ipsi
1264 498 1638 576 eligerentur.

326 594 438 656 IX.
484 595 769 655 Secutum
826 594 986 654 aliud
1044 601 1361 655 certamen.
1474 602 1774 673 praetores
1836 596 2046 655 aerarii
2074 601 2113 664 9

242 687 411 763 (nam
429 694 561 746 tum
581 709 617 747 a
633 687 1007 766 praetoribus
1025 688 1397 747 tractabatur
1411 688 1730 761 aerarium)
1750 688 2045 765 publicam

238 791 657 860 paupertatem
714 785 910 862 questi
964 784 1211 844 modum
1265 785 1529 863 inpensis
1575 785 2041 863 postulaverant.

238 900 373 940 eam
403 901 605 940 curam
634 881 836 941 consul
865 881 1212 959 designatus
1242 882 1318 941 ob
1346 882 1821 960 magnitudinem
1850 883 2045 942 oneris

236 985 302 1036 et
317 978 569 1038 remedii
590 978 1003 1039 difficultatem
1023 978 1280 1056 principi
1302 979 1682 1039 reservabat:
1724 979 2042 1039 Helvidius
2072 991 2099 1045 5

235 1075 490 1136 arbitrio
520 1083 761 1136 senatus
790 1076 1088 1154 agendum
1132 1076 1378 1136 censuit.
1481 1096 1616 1135 cum
1657 1085 2044 1155 perrogarent

235 1173 569 1232 sententias
599 1172 913 1244 *consules
974 1172 1289 1232 Volcatius
1346 1173 1714 1233 Tertullinus
1762 1174 2043 1233 tribunus

233 1269 430 1347 plebis
458 1270 811 1342 intercessit,
841 1290 916 1329 ne
945 1269 1092 1348 quid
1121 1290 1299 1347 super
1328 1277 1497 1329 tanta
1534 1290 1598 1330 re
1640 1270 1904 1348 principe
1946 1271 2042 1330 ab·

233 1375 407 1426 sente
430 1374 810 1427 statueretur.
897 1375 1210 1428 censuerat
1232 1367 1569 1441 HelvidiuS,
1588 1374 1660 1426 ut
1676 1367 2039 1444 Capitolium

231 1464 473 1541 publice
525 1463 962 1539 restitueretur,
1021 1463 1335 1524 adiuvaret
1382 1463 1804 1541 Vespasianus.
1908 1484 2037 1523 eam
2071 1485 2130 1520 10

231 1562 597 1621 sententiam
654 1561 1127 1621 modestissimus
1191 1562 1444 1639 quisque
1507 1560 1762 1634 silenti0,
1820 1560 2037 1621 deinde

230 1658 461 1719 oblivio
491 1659 858 1720 transmisit:
900 1659 1066 1718 fuere
1095 1658 1200 1736 qui
1229 1664 1292 1718 et
1319 1657 1743 1718 meminissent.

319 1757 396 1814 X.
444 1756 599 1815 Tum
616 1756 888 1815 invectus
910 1762 1003 1815 est
1021 1755 1341 1814 Musonius
1362 1755 1553 1814 Rufus
1574 1756 1638 1813 in
1660 1754 1726 1815 P.
1749 1755 2034 1829 Celerem,
2064 1757 2142 1820 10

230 1874 268 1914 a
297 1873 418 1931 quo
438 1853 690 1913 Baream
713 1853 1007 1913 Soranum
1023 1853 1174 1913 falso
1192 1853 1538 1913 testimonio
1566 1853 2032 1914 circumventum

230 1951 539 2029 arguebat.
625 1970 695 2011 ea
750 1950 1087 2028 cognitione
1143 1950 1419 2032 renovari
1460 1949 1598 2009 odia
1690 1993 1959 2033 &mmm
1995 1995 2045 2042 „s

231 2048 678 2108 accusationum
720 2047 1098 2107 videbantur.
1211 2047 1315 2107 sed
1358 2046 1493 2107 vilis
1535 2054 1597 2107 et
1639 2044 1760 2083 ⁰⁰²⁶*-

229 2165 453 2205 nocens
482 2165 615 2205 reus
636 2144 870 2222 protegi
890 2164 1014 2204 non
1034 2150 1274 2221 poterat
1300 2167 1312 2203 ε
1356 2145 1577 2222 quippe
1600 2142 1810 2203 Sorani
1833 2149 2036 2203 sancta
2063 2169 2090 2220 5

229 2242 559 2316 memoria3
601 2241 773 2303 Oeler
814 2242 1112 2319 professus
1159 2241 1529 2320 sapientiam,
1577 2241 1718 2300 dein
1760 2241 1930 2300 testis
1972 2241 2035 2300 in

229 2339 501 2412 Baream,
559 2338 833 2417 proditor
886 2345 1316 2416 corruptorque
1372 2338 1684 2408 amicitiae,
1743 2337 1909 2397 cuius
1973 2357 2035 2397 se

228 2437 584 2515 magistrum
605 2436 852 2496 ferebat.
936 2435 1247 2514 proximus
1276 2435 1402 2495 dies
1431 2455 1637 2494 causae
1659 2434 2034 2509 destinatur3

228 2553 339 2594 nec
409 2540 533 2593 tam
603 2533 917 2593 Musonius
980 2538 1086 2591 aut
1146 2532 1396 2591 Publius
1445 2551 1626 2609 quam
1681 2531 1918 2590 Priscus
1972 2537 2036 2591 et

227 2630 552 2690 Marcellus
608 2630 920 2707 ceterique,
978 2629 1159 2689 motis
1200 2628 1276 2688 ad
1317 2628 1609 2688 ultionem
1664 2627 1895 2699 animis,
1937 2647 2034 2688 ex·
2064 2655 2123 2690 10

227 2728 639 2807 pectabantur.

311 2824 424 2884 XI.
466 2823 598 2883 Tali
639 2843 838 2883 rerum
880 2829 1059 2897 stam,
1097 2843 1232 2883 cum
1275 2821 1572 2882 discordia
1611 2821 1772 2882 inter
1811 2827 2029 2899 patreS,
2059 2827 2134 2890 11

226 2924 319 2982 ira
336 2920 496 2999 apud
513 2920 722 2993 victos,
743 2920 909 2981 nulla
923 2921 988 2980 in
997 2920 1325 2980 victoribus
1347 2920 1687 2993 auctoritaS,
1706 2938 1830 2977 non
1851 2918 2028 2997 leges,

227 3038 353 3079 non
371 3018 647 3097 princeps
668 3017 732 3076 in
751 3018 994 3077 civitate
1010 3023 1226 3087 essent,
1248 3017 1564 3077 Mucianus
1581 3016 1793 3075 urbem
1811 3016 2032 3093 ingres-

227 3137 329 3177 sus
367 3123 584 3175 cuncta
612 3114 790 3174 simul
823 3115 887 3174 in
925 3135 987 3175 se
1024 3115 1229 3173 traxit.
1316 3115 1509 3174 fracta
1550 3113 1738 3173 Primi
1774 3113 2029 3173 Antonii

228 3212 500 3289 Varique
541 3211 706 3271 Arrii
744 3211 1033 3289 potentia,
1065 3210 1220 3269 male
1250 3209 1622 3270 dissimulata
1649 3209 1713 3268 in
1756 3228 1856 3269 eos
1896 3209 2030 3268 Mu·
2059 3238 2086 3289 5

225 3309 384 3370 ciani
424 3308 746 3381 iracundia,
779 3308 1051 3385 quamvis
1080 3306 1253 3366 vultu
1293 3313 1609 3384 tegeretur.
1683 3306 1788 3366 sed
1818 3305 2029 3366 civitas

1117 3450 1151 3485 E
