2261 3684
126 2060 247 2109 Me

652 276 1246 343 HISTORIARUM
1279 280 1434 340 LIB.
1479 281 1599 341 III.
1949 285 2024 343 35

220 441 505 503 cecidisse
516 417 630 529 Qum
652 412 912 525 ffif‘ffffi'fy
942 440 1189 515 labores,
1239 442 1288 501 si
1329 443 1586 520 praemia
1627 443 2024 521 periculorum

220 536 333 596 soli
390 537 800 616 adsequantur
840 537 944 615 qui
985 537 1263 614 periculis
1304 558 1427 598 non
1469 538 1645 599 adfue
1682 541 1783 601 ‘nt.
1916 561 2025 601 nec

219 634 482 694 fefellere
519 655 591 694 ea
616 633 1006 708 Mucianum3
1046 634 1190 695 inde
1230 655 1440 713 graves
1512 636 1533 695 i
1596 657 1633 696 u
1724 644 1833 709 tes,
1876 658 2024 716 quas

217 730 527 790 Antonius
567 730 910 809 simpliciuS‚
944 730 1258 790 Mucianus
1280 656 1536 794 {elffii}
1552 726 1738 810 eoque
1770 733 2024 811 inplaca-

217 827 399 886 bilius
426 828 746 888 nutriebat.
779 850 873 893 «wf-

299 925 457 986 LIV.
505 928 597 984 At
645 909 929 986 Vitellius
946 890 1008 1023 if
1070 925 1181 984 ctis
1203 976 1204 979 ,
1227 924 1387 1003 apud
1442 925 1795 986 Cremonam
1844 926 2021 1009 rebus

215 1023 467 1082 nuntios
497 1021 680 1085 cladis
708 944 1230 1177 occultansxstulta
1257 1020 1732 1082 dissimulatione
1760 1022 2023 1083 remedia

214 1119 421 1196 potius
463 1119 756 1190 malorum
784 1114 962 1196 quam
1054 1109 1508 1206 ala‘differ'ebat,
1587 1120 1807 1197 quippe
1849 1120 2023 1180 confi-

192 1215 376 1300 ⁸tenti
459 1212 940 1299 consultantique
1013 1222 1363 1293 supererant
1445 1235 1578 1293 spes
1679 1257 1875 1300 Vitelli„
1918 1270 2019 1309 ,ψ

216 1313 535 1403 viresque3
587 1332 723 1395 cum
764 1332 796 1373 e
841 1312 1139 1372 contrario
1179 1312 1337 1372 laeta
1377 1312 1576 1397 omnia
1618 1319 1774 1357 prema
1792 1310 2015 1349 ‘'adum-
2046 1341 2074 1395 5

215 1411 487 1489 fingeret,
505 1376 1185 1503 'filsssisksi‘igcgffiffescebat
1223 1398 1229 1410 ’
1270 1409 1488 1469 mirum
1518 1409 1678 1488 apud
1717 1409 1915 1487 ipsum
1942 1409 2018 1470 de

148 1557 154 1561 .
214 1507 373 1567 bello
442 1507 746 1566 silentium
768 1553 786 1581 ,
839 1505 1144 1585 prohibiti
1187 1513 1308 1584 per'
1348 1506 1652 1568 civitatem
1699 1526 2015 1582 sermones,

214 1624 405 1682 eoque
447 1603 647 1682 plures
688 1624 772 1676 ac,
816 1601 867 1662 si
906 1601 1134 1676 liceret,
1159 1591 1320 1662 vere
1340 1603 1653 1676 narraturi,
1684 1603 1826 1681 quia
1859 1611 2018 1664 veta-

208 1702 453 1775 ·bantur,
511 1701 804 1760 atrociora
856 1699 1265 1778 vulgaverant.
1351 1720 1459 1759 nec
1512 1699 1692 1760 duces
1752 1695 2016 1761 hostium

212 1797 521 1878 augendae
564 1798 756 1858 famae
797 1796 1061 1870 deerant,
1106 1803 1311 1875 captos
1338 1796 1570 1859 Vitellii
1611 1798 2015 1876 exploratores
2048 1830 2108 1867 10

213 1894 784 1971 circumductosque‚
842 1902 913 1954 ut
967 1894 1181 1955 robora
1236 1894 1480 1954 victoris
1537 1896 1832 1955 exercitus
1886 1915 2018 1956 nos-

212 2000 434 2080 cerent,
451 2031 473 2084 A
492 1992 894 2082 remittend03
965 2011 1114 2069 quos
1184 1991 1378 2051 omnis
1439 1991 1721 2052 Vitellius
1787 2000 2014 2053 secreto

2048 931 2128 993 54

209 2070 596 2169 percontatus
631 2089 891 2150 interfici
922 2088 1110 2149 iussit.
1219 2085 1468 2148 notabili
1511 2090 1845 2172 constantia
1886 2111 2015 2151 cen-

209 2188 371 2248 turio
411 2187 600 2246 Iulius
641 2186 913 2265 Agrestis
967 2191 1106 2263 post
1162 2184 1381 2245 multos
1434 2206 1750 2261 sermones,
1795 2187 2013 2265 quibus

209 2283 529 2345 Vitellium
584 2282 662 2343 ad
703 2284 991 2343 virtutem
1044 2283 1270 2343 frustra
1323 2282 1697 2370 accendebat,
1731 2285 2008 2363 perpulit,
2044 2310 2101 2363 15

208 2388 277 2442 ut
321 2381 401 2441 ad
447 2381 605 2441 vires
645 2379 911 2440 hostium
949 2379 1305 2458 spectandas
1339 2373 1619 2472 )quaeque
1673 2381 2013 2459 apud'Cre-

206 2497 451 2539 monam
479 2484 613 2537 acta
638 2461 993 2573 forentfflipse
1019 2477 1378 2536 mitteretur.
1464 2497 1574 2537 nec
1601 2477 2011 2556 exploratione

206 2573 443 2635 occulta
469 2573 672 2638 fallere
714 2573 1052 2633 Antonium
1079 2573 1417 2650 temptavit,
1450 2574 1552 2635 sed
1595 2575 1878 2643 mandata
1905 2577 2011 2636 im-

206 2670 501 2750 peratoris
522 2688 812 2756 suumque
842 2669 1108 2729 animum
1128 2669 1445 2748 professus,
1469 2678 1541 2729 ut
1562 2680 1771 2732 cuncta
1792 2674 2011 2735 viseret

204 2766 489 2846 postulat.
573 2765 741 2825 missi
768 2765 871 2843 qui
898 2764 1096 2825 locum
1123 2765 1351 2844 proelii,
1384 2765 1710 2828 Cremonae
1738 2770 2005 2849 vestigia,
2036 2798 2101 2835 20

2050 855 2225 907 25ae

204 2870 412 2942 captas
452 2861 712 2941 legiones
760 2835 1204 2960 ostenderent]
1247 2862 1522 2940 Agrestis
1576 2863 1654 2923 ad
1696 2861 2007 2927 Vitellium
2038 2939 2046 2946 1
2079 2919 2148 2940 ,μ
2215 2909 2224 2916 -

201 2960 497 3023 remeavit
551 2959 959 3037 abnuentique
1027 2979 1171 3020 vera
1215 2979 1366 3038 ¹esse,
1419 2980 1570 3038 quae
1660 3002 1787 3053 Story
1803 3006 2009 3054 „smum

201 3058 493 3131 adferret,
515 3062 694 3133 atque
721 3056 882 3116 ultro
911 3062 1272 3134 corruptum*
1291 3049 1565 3135 arguenti
1606 3052 1806 3102 Auream.

203 3162 220 3190 ‘
235 3153 483 3234 quando
510 3151 753 3232 quidem
769 3152 783 3177 '
819 3152 1020 3230 inquit
1052 3157 1066 3184 ‘
1086 3173 1303 3239 magno
1332 3153 1690 3214 documento
1719 3175 1867 3233 opus
1895 3164 2002 3233 est,

199 3272 311 3312 nec
360 3250 512 3310 alius
558 3250 680 3309 iam
726 3250 840 3310 tibi
881 3256 987 3309 aut
1027 3249 1191 3309 vitae
1236 3258 1341 3310 aut
1382 3252 1593 3310 mortis
1636 3271 1801 3313 meae
1842 3274 2000 3327 usne,
2032 3281 2093 3335 25

198 3348 359 3409 dabo
414 3346 509 3406 cui
565 3344 805 3405 credas!
913 3351 1093 3423 atque
1155 3345 1243 3405 ita
1297 3345 1598 3424 digressus
1649 3326 2010 3430 {voluntaria

2143 3525 2171 3581 A

2175 3459 2225 3521 A
