2261 3684
706 277 1304 341 HISTORIARUM
1337 278 1493 342 LIB.
1548 278 1611 342 V.
1951 283 2059 344 135

260 440 455 499 amnis
503 439 909 500 adiacentibus
957 442 1501 520 superfunderetur.
1588 463 1656 502 ea
1696 443 1811 504 loci
1851 444 2058 516 forma,

260 537 504 596 incertis
531 537 701 597 vadis
730 537 981 598 subdola
1016 548 1079 599 et
1115 539 1289 599 nobis
1317 540 1600 600 adversa:
1644 542 1862 620 quippe
1892 541 2061 601 miles

263 634 571 694 Romanus
619 635 798 694 armis
844 637 1041 714 gravis
1083 643 1146 696 et
1185 636 1372 696 nandi
1417 636 1688 715 paviduS,
1732 637 2062 698 Germanos

262 731 610 791 fluminibus
651 738 852 792 suetos
899 732 1110 793 levitas
1148 753 1447 794 armorum
1486 742 1548 794 et
1585 735 1905 812 proceritas
1944 755 2063 795 cor·
2094 746 2153 796 15

263 847 477 906 porum
506 828 745 888 attollit.

347 923 479 984 XV.
528 924 723 1004 Igitur
750 926 1176 986 lacessentibus
1197 926 1441 986 Batavis
1461 927 1823 988 ferocissimo
1853 928 2063 1007 cuique
2090 923 2169 986 15

262 1030 606 1082 nostrorum
627 1061 630 1065 <
648 1031 924 1100 coeptum
954 1029 1270 1096 certamen,
1300 1022 1517 1083 deinde
1554 1030 1686 1083 orta
1721 1025 2062 1103 trepidatiO,

264 1140 399 1179 cum
470 1120 752 1198 praealtis
820 1120 1140 1199 paludibus
1217 1141 1381 1180 arma
1449 1121 1587 1199 equi
1663 1122 2059 1183 haurirentur.

265 1217 550 1277 Germani
578 1219 736 1278 notis
763 1217 935 1277 vadis
962 1218 1391 1295 persultabant,
1411 1218 1627 1277 omissa
1720 1261 1855 1310 mich,
1913 1271 2067 1300 mecm

265 1314 614 1391 plerumque
667 1314 865 1374 fronte
919 1313 1110 1374 latera
1163 1334 1230 1374 ac
1299 1322 1468 1392 terga
1522 1313 1624 1373 cir·
1667 1312 1716 1360 ⁰s
1726 1311 1792 1350 Μ’
1810 1311 2021 1351 ΟΜΝ·
2095 1334 2125 1388 5

266 1413 725 1472 cumvenientes.
829 1431 1022 1490 neque
1059 1419 1128 1471 ut
1165 1412 1230 1470 in
1271 1409 1534 1490 pedestri
1575 1411 1698 1470 acie
1739 1410 2069 1470 comminus

266 1509 622 1582 certabatur,
674 1503 779 1572 sed
836 1517 1143 1588 tamquam
1196 1507 1396 1568 navali
1450 1528 1668 1586 pugna,
1731 1507 1864 1586 vagi
1912 1507 2069 1566 inter

267 1603 460 1664 undas
515 1612 636 1679 aut,
695 1606 744 1664 si
806 1606 953 1683 quid
1015 1605 1228 1665 stabile
1292 1605 1652 1678 occurrebat,
1719 1604 1863 1664 totis
1929 1603 2070 1663 illuc

268 1701 614 1783 corporibus
669 1701 948 1775 nitenteS,
1022 1702 1322 1762 vulnerati
1378 1721 1512 1761 cum
1567 1702 1832 1780 integris,
1892 1701 2069 1780 periti

267 1797 456 1859 nandi
484 1818 617 1858 cum
647 1799 868 1878 ignaris
890 1799 954 1859 in
976 1806 1246 1860 mutuam
1268 1799 1592 1879 perniciem
1612 1798 2067 1878 inplicabantur.
2102 1822 2161 1859 10

268 1896 467 1955 minor
519 1902 722 1955 tamen
777 1916 957 1974 quam
1010 1917 1119 1972 pro
1163 1897 1430 1957 tumultu
1485 1897 1712 1971 caedes,
1755 1897 1897 1975 quia
1949 1917 2071 1957 non

268 1993 399 2052 ausi
468 1993 668 2071 egredi
742 1993 1020 2070 paludem
1079 1992 1364 2053 Germani
1432 1993 1497 2052 in
1567 2000 1760 2053 castra
1825 1992 2067 2053 rediere.

269 2091 396 2151 eius
437 2089 645 2168 proelii
688 2098 935 2150 eventus
981 2098 1301 2169 utrumque
1343 2091 1555 2150 ducem
1595 2090 1848 2151 diversis
1889 2090 2072 2150 animi

269 2187 533 2249 motibus
561 2187 636 2247 ad
664 2188 1090 2248 maturandum
1118 2208 1384 2248 summae
1411 2188 1497 2248 rei
1519 2187 1838 2248 discrimen
1861 2188 2068 2247 erexit.

271 2285 481 2346 Civilis
518 2286 741 2345 instare
768 2285 1061 2357 fortunae,
1093 2285 1342 2364 Cerialis
1372 2284 1606 2345 abolere
1646 2284 2072 2363 ignominiam:
2106 2306 2161 2359 ¹5

270 2383 557 2443 Germani
578 2383 873 2460 prosperis
894 2382 1134 2454 feroceS,
1159 2382 1459 2441 Romanos
1481 2380 1675 2459 pudor
1691 2381 2071 2441 excitaverat.

269 2500 394 2539 nox
422 2478 582 2557 apud
608 2479 892 2538 barbaros
920 2487 1100 2538 cantu
1129 2486 1234 2538 aut
1256 2478 1527 2550 clamore,
1550 2479 1772 2538 nostris
1791 2499 1898 2558 per
1925 2479 2073 2538 iram

271 2583 336 2637 et
364 2576 554 2635 minas
582 2584 727 2636 acta.

352 2672 519 2733 XVI.
569 2673 819 2733 Postera
852 2671 983 2731 luce
1022 2671 1271 2732 Cerialis
1300 2672 1501 2749 equite
1530 2677 1591 2731 et
1620 2671 1950 2733 auxiliariis
1987 2693 2076 2733 co·
2101 2668 2181 2733 16

270 2770 548 2831 hortibus
603 2770 864 2829 frontem
920 2768 1139 2846 explet,
1198 2769 1261 2828 in
1325 2767 1584 2828 secunda
1639 2769 1761 2828 acie
1815 2768 2076 2847 legiones

271 2866 514 2937 locatae,
575 2865 700 2925 dux
755 2865 871 2925 sibi
926 2864 1188 2939 delectos
1242 2866 1569 2925 retinuerat
1623 2865 1700 2924 ad
1755 2865 2071 2944 inprovisa.

273 2964 484 3024 Civilis
539 2962 702 3023 haud
758 2970 1030 3041 porrecto
1086 2963 1338 3041 agmine,
1387 2962 1492 3022 sed
1548 2963 1750 3023 cuneis
1798 2962 2074 3024 adstitit.

273 3060 488 3120 Batavi
556 3059 936 3137 Cugernique
1017 3059 1081 3118 in
1121 3059 1395 3134 dextro,
1466 3060 1636 3119 laeva
1742 3102 1868 3140 Md
1867 3111 1970 3141 mo
2011 3105 2085 3191 n⁰s
2106 3080 2135 3135 5

275 3177 342 3216 ac
465 3156 748 3235 propiora
856 3155 1090 3214 flumini
1195 3156 1637 3215 Transrhenani
1680 3151 2003 3240 Ξίζαξξῑῑωα
1970 3154 2080 3243 mg,

275 3260 535 3313 tenuere.
645 3252 983 3312 exhortatio
1040 3252 1261 3312 ducum
1310 3273 1430 3311 non
1473 3273 1636 3312 more
1680 3253 1830 3299 ‘⁰⁰²⁰‘-

275 3351 571 3410 contionis
628 3348 786 3426 apud
842 3350 1169 3422 universoS,
1221 3347 1325 3409 sed
1383 3357 1451 3407 ut
1508 3369 1775 3425 quosque
1833 3369 2073 3408 suorum
