2261 3684
652 270 1253 334 HISTORIARUM
1287 273 1439 334 LIB.
1487 272 1594 333 IV.
1951 275 2027 337 77

225 432 504 493 recitavit
544 433 929 510 instituitque
969 434 1294 511 pessimum
1335 434 1579 509 facinus,
1625 443 1695 495 ut
1739 434 2027 512 epistulae

224 530 558 608 aquiliferis
600 529 903 608 legionum
944 531 1340 600 traderentur,
1381 551 1418 590 a
1457 531 1592 608 quis
1659 573 1884 613 Mun-„m
1902 573 2028 621 ‚pt-m

225 635 370 687 ante
424 627 604 687 militi
659 647 840 705 quam
903 627 1157 687 ducibus
1218 628 1585 707 legebantur.
1630 624 1957 672 &mmmm-

223 731 357 784 tum
402 744 434 783 e
475 723 772 784 seditiosis
800 744 986 783 unum
1016 724 1229 783 vinciri
1258 724 1443 796 iubet,
1475 724 1663 803 magis
1700 724 2028 800 usurpandi

221 821 391 894 iuris,
422 841 602 899 quam
631 821 771 898 quia
810 822 989 880 unius
1019 821 1194 898 culpa
1219 822 1390 880 foret.
1476 827 1790 898 motusque
1818 820 2030 881 Bonna
2060 844 2117 898 15

223 919 526 978 exercitus
578 919 642 977 in
698 918 992 977 coloniam
1045 918 1566 996 Agrippinensem,
1624 917 2029 977 adfluentibus

222 1015 468 1075 auxiliis
526 1014 852 1090 Gallorum,
903 1015 1007 1092 qui
1048 1016 1245 1093 primo
1298 1034 1425 1075 rem
1473 1015 1806 1074 Romanam
1853 1015 2029 1074 enixe

218 1113 553 1172 iuvabant:
622 1131 765 1171 mox
825 1111 1260 1171 valescentibus
1329 1110 1645 1171 Germanis
1713 1112 2029 1190 pleraeque

221 1209 503 1269 civitates
543 1208 859 1268 adversum
901 1228 1010 1268 nos
1052 1229 1217 1268 arma
1256 1228 1528 1286 sumpsere
1577 1228 1681 1286 spe
1734 1208 2030 1270 libertatis

222 1313 303 1379 et,
363 1306 413 1364 si
482 1305 787 1365 exuissent
856 1305 1185 1379 servitium,
1257 1305 1538 1382 cupidine
1620 1306 2023 1384 imperitandi.
2054 1332 2118 1368 20

220 1402 514 1482 gliscebat
579 1401 887 1461 iracundia
940 1401 1261 1480 legionum,
1318 1421 1429 1461 nec
1492 1408 1781 1462 terrorem
1848 1403 2028 1463 unius

221 1498 440 1559 militis
479 1499 719 1558 vincula
758 1497 1144 1558 indiderant:
1207 1498 1354 1575 quin
1397 1497 1560 1557 idem
1600 1498 1701 1557 ille
1742 1500 2029 1578 arguebat

220 1597 384 1656 ultro
439 1594 863 1656 conscientiam
931 1595 1116 1667 ducis,
1175 1602 1482 1672 tamquam
1552 1595 1801 1655 nuntius
1868 1596 2030 1656 inter

220 1693 481 1754 Civilem
506 1692 903 1769 Flaccumque
929 1691 1079 1751 falso
1114 1691 1361 1750 crimine
1389 1691 1562 1751 testis
1582 1692 1710 1751 veri
1738 1693 2030 1770 opprime·
2095 1698 2102 1704 '

219 1796 405 1851 retur.
517 1789 864 1850 conscendit
903 1787 1168 1849 tribunal
1210 1787 1441 1848 Vocula
1480 1787 1631 1848 mira
1674 1789 2025 1864 constantia,
2053 1817 2082 1854 2
2087 1816 2115 1868 5,

220 1907 626 1965 prensumque
695 1886 951 1946 militem
1022 1906 1089 1945 ac
1158 1884 1586 1944 vociferantem
1672 1929 1828 1969 Vocula
1844 1939 2027 1969 mum„

219 1984 363 2044 duci
390 1982 466 2043 ad
499 1983 858 2062 supplicium
886 1982 1098 2041 iussit:
1157 1988 1218 2041 et
1259 1981 1404 2041 dum
1445 1982 1587 2041 mali
1630 1978 1695 2017 ⁰⁸⁶
1713 1980 1944 2019 command.

219 2087 461 2159 pavent,
486 2080 747 2158 optimus
769 2079 1017 2156 quisque
1035 2078 1214 2138 iussis
1235 2097 1497 2157 paruere.
1559 2078 1720 2138 exim
1738 2098 2025 2139 consensu

219 2177 435 2238 ducem
460 2176 752 2236 Voculam
790 2176 1191 2253 poscentibus,
1221 2175 1465 2235 Flaccus
1506 2195 1799 2235 summam
1826 2196 2024 2235 rerum

218 2275 274 2335 ei
302 2274 589 2352 permisit.
2051 2299 2114 2349 30

301 2370 530 2431 XXVI.
604 2368 726 2429 Sed
772 2368 1074 2429 discordes
1128 2369 1360 2429 animos
1414 2369 1606 2429 multa
1659 2370 1984 2430 efferabant
2011 2394 2022 2429 ε
2047 2379 2128 2442 26

221 2462 427 2545 inopia
455 2466 740 2545 stipendii
756 2467 1161 2544 frumentique
1183 2472 1245 2526 et
1266 2465 1445 2525 simul
1462 2465 1747 2525 dilectum
1775 2466 2024 2526 tributa-

215 2567 337 2643 que
375 2563 607 2624 Galliae
648 2570 1052 2642 aspernantes,
1098 2562 1346 2622 Rhenus
1387 2562 1692 2640 incognita
1731 2562 1820 2622 illi
1862 2562 2022 2623 caelo

216 2662 487 2722 siccitate
542 2660 648 2719 vix
708 2660 956 2719 navium
1008 2660 1263 2738 patiens,
1307 2658 1425 2718 arti
1483 2666 1863 2731 commeatus,
1908 2659 2022 2720 dis-

215 2758 449 2837 positae
487 2777 596 2836 per
636 2776 873 2816 omnem
913 2757 1106 2835 ripam
1148 2756 1453 2829 stationes,
1497 2775 1651 2834 quae
1692 2756 2022 2816 Germanos
2047 2789 2075 2842 5

215 2855 373 2916 vado
415 2861 703 2926 arcerent,
735 2853 1060 2931 eademque
1102 2852 1178 2913 de
1221 2873 1398 2912 causa
1436 2853 1636 2913 minus
1677 2852 1915 2931 frugum
1958 2861 2022 2915 et

214 2953 419 3032 plures
446 2951 552 3029 qui
581 2957 1015 3011 consumerent.
1101 2950 1262 3027 apud
1281 2950 1592 3028 imperitos
1612 2949 1871 3028 prodigii
1890 2950 2021 3012 loco

215 3049 619 3127 accipiebatur
672 3048 802 3126 ipsa
856 3067 1149 3125 aquarum
1211 3046 1477 3125 penuria,
1537 3054 1842 3124 tamquam
1909 3067 2020 3107 nos

214 3165 423 3207 amnes
444 3164 682 3223 quoque
699 3151 763 3204 et
782 3151 987 3204 vetera
1007 3144 1244 3222 imperii
1261 3144 1634 3204 munimenta
1654 3143 2020 3206 desererent:

214 3242 383 3323 quod
406 3243 472 3302 in
500 3261 644 3320 pace
670 3242 792 3301 fors
821 3260 927 3301 seu
952 3247 1186 3313 natura,
1217 3248 1362 3300 tunc
1389 3240 1580 3300 fatum
1607 3247 1670 3300 et
1709 3240 1799 3300 ira
1838 3240 2019 3301 deum
2051 3270 2110 3307 10

217 3340 558 3401 vocabatur.
