2261 3684
664 244 1249 307 HISTORIARUM
1292 246 1443 306 LIB.
1500 244 1600 306 JV.
1957 250 2027 309 ⁷1

226 425 354 466 esse
383 396 602 465 secum'
618 411 928 466 veteranas
956 405 1247 481 cohortes,
1279 406 1499 485 quibus
1544 427 1736 486 nuper
1776 407 2034 468 Othonis

226 500 491 578 legiones
545 502 988 579 procubuerint.
1102 503 1398 563 servirent
1455 503 1629 563 Suria
1669 504 1932 581 Asiaque
1974 511 2036 562 et

225 604 435 657 suetus
461 598 702 676 regibus
731 598 981 659 Oriens:
1023 599 1246 659 multos
1276 599 1470 659 adhuc
1497 599 1564 659 in
1593 599 1804 660 Galliis
1833 600 2034 659 vivere
2079 598 2141 649 ²5

226 701 369 753 ante
414 695 645 754 tributa
698 695 948 772 genitos.
1052 715 1243 773 nuper
1299 703 1460 756 certe
1515 716 1683 755 caeso
1740 695 2035 770 Quintilio

226 789 392 850 Varo
423 790 655 868 pulsam
698 811 730 850 e
771 791 1097 852 Germania
1141 792 1512 865 servitutem,
1563 812 1673 851 nec
1721 792 2036 853 Vitellium

226 887 575 965 principem,
607 888 712 947 sed
741 887 1054 948 Caesarem
1081 889 1427 968 Augustum
1457 888 1608 950 bello
1628 897 2029 967 provocatum.

226 983 569 1043 libertatem
637 991 852 1044 natura
919 985 1102 1044 etiam
1160 985 1345 1044 mutis
1400 985 1757 1045 animalibus
1813 985 2033 1057 datam,

229 1079 522 1140 virtutem
549 1081 859 1158 proprium
886 1080 1200 1141 hominum
1218 1081 1443 1142 bonum
1471 1105 1484 1154 ;
1526 1081 1669 1141 deos
1686 1082 2035 1142 fortioribus
2062 1104 2127 1154 30

229 1172 477 1232 adesse:
534 1173 785 1250 proinde
827 1174 1160 1252 arriperent
1207 1175 1379 1234 vacui
1436 1183 1771 1252 occupatOS,
1815 1175 2035 1253 integri

227 1269 433 1329 fessos.
519 1269 666 1329 dum
694 1269 798 1329 alii
828 1270 1281 1348 Vespasianum,
1312 1271 1415 1330 alii
1437 1269 1753 1330 Vitellium
1774 1272 2033 1345 foveant,

207 1375 438 1446 patere
491 1367 686 1428 locum
735 1367 1021 1427 adversus
1082 1376 1420 1445 utrumque.
1534 1367 1767 1428 XVIII.
1834 1369 1918 1428 sic
1972 1369 2036 1428 in
2064 1364 2142 1428 18

228 1464 460 1525 Gallias
488 1464 956 1543 Germaniasque
996 1465 1286 1539 intentus,
1316 1465 1366 1524 si
1408 1465 1710 1525 destinata
1736 1467 2037 1544 provenis-

229 1570 384 1636 sent,
414 1553 915 1623 validissimarum
942 1562 1493 1639 ditissimarumque
1523 1562 1833 1622 nationum
1852 1583 2036 1642 regno

227 1659 598 1720 imminebat.

313 1757 401 1816 At
429 1757 674 1817 Flaccus
706 1756 1085 1817 Hordeonius
1123 1757 1348 1835 primos
1392 1756 1601 1818 Civilis
1643 1766 1890 1818 conatus
1931 1779 2037 1836 per
2066 1775 2093 1829 5

231 1855 773 1915 dissimulationem
829 1856 1013 1915 aluit:
1087 1856 1192 1915 ubi
1262 1863 1605 1933 expugnata
1711 1917 2039 1956 Hordeonius

232 1960 444 2023 castra,
503 1951 730 2011 deletas
780 1952 1070 2026 cohortes,
1128 1953 1369 2030 pulsum
1426 1952 1598 2011 Bata·
1640 1968 1788 2028 ungu
1865 1970 2011 2027 grppp

231 2069 447 2109 vorum
490 2048 685 2108 insula
728 2049 1068 2108 Romanum
1116 2068 1337 2108 nomen
1379 2048 1599 2126 trepidi
1641 2021 1815 2067 wama
1834 2017 1991 2056 σιπύη

231 2146 437 2206 nuntii
485 2145 851 2220 adferebant,
910 2146 1193 2206 Munium
1247 2145 1583 2224 Lupercum
1643 2144 1908 2222 legatum
1965 2142 2040 2218 (is

234 2244 506 2310 duarum
543 2243 845 2323 legionum
898 2243 1167 2303 hibernis
1221 2244 1518 2321 praeerat)
1567 2241 1770 2321 egredi
1839 2240 2042 2299 adver·
2071 2266 2130 2302 10

235 2361 337 2401 sus
381 2340 617 2400 hostem
661 2340 845 2401 iubet.
959 2340 1264 2418 Lupercus
1305 2340 1661 2418 legionarios
1702 2359 1735 2399 e
1775 2357 2043 2416 praesen-

235 2438 416 2511 tibus,
439 2436 633 2496 Ubios
654 2457 686 2497 6
703 2436 1006 2515 proximis,
1019 2436 1414 2497 Treverorum
1435 2436 1666 2514 equites
1687 2435 1848 2495 haud
1866 2435 2041 2513 longe

237 2535 469 2613 agentis
496 2534 717 2612 raptim
746 2533 1094 2604 transmisit,
1124 2533 1333 2594 addita
1359 2533 1724 2593 Batavorum
1755 2533 1862 2605 ala,
1888 2552 2041 2610 quae

235 2633 359 2692 iam
384 2630 619 2709 pridem
648 2638 929 2709 corrupta
969 2630 1150 2690 fidem
1192 2631 1527 2703 simulabat,
1574 2637 1642 2690 ut
1684 2629 1937 2709 proditis
1978 2630 2042 2689 in

236 2728 368 2806 ipsa
383 2727 509 2787 acie
527 2727 814 2787 Romanis
831 2727 1053 2788 maiore
1071 2727 1265 2805 pretio
1286 2728 1536 2804 fugeret.
1620 2726 1834 2787 Civilis
1851 2733 2043 2803 capta·
2075 2752 2132 2806 15

235 2844 372 2884 rum
400 2823 738 2883 cohortium
767 2824 952 2903 signis
982 2823 1400 2896 circumdatu8‚
1432 2831 1501 2883 ut
1518 2844 1625 2883 suo
1642 2823 1821 2882 militi
1841 2842 2044 2882 recens

236 2920 429 3000 gloria
455 2927 595 2980 ante
624 2920 827 2980 oculos
844 2927 907 2980 et
923 2921 1128 2980 hostes
1146 2921 1432 2980 memoria
1454 2920 1637 2980 cladis
1655 2926 2040 2993 terrerentur,

237 3025 494 3078 matrem
548 3038 719 3077 suam
772 3037 1136 3095 sororesque,
1196 3017 1372 3077 simul
1442 3017 1708 3077 omnium
1764 3016 2044 3096 coniuges

238 3134 574 3193 parvosque
601 3114 820 3174 liberos
851 3114 1175 3174 consistere
1204 3134 1240 3173 a
1266 3121 1435 3193 tergo
1455 3113 1641 3188 iubet,
1667 3113 2046 3173 hortamenta

238 3213 524 3274 victoriae
592 3212 688 3272 vel
758 3213 946 3291 pulsis
1007 3211 1311 3291 pudorem.
1429 3218 1497 3270 ut
1524 3210 1788 3270 virorum
1847 3219 2042 3284 cantu,
2073 3243 2136 3278 20

241 3310 601 3371 feminarum
658 3310 888 3370 ululatu
945 3310 1148 3370 sonuit
1201 3309 1370 3381 acies,
1429 3328 1809 3386 nequaquam
1861 3329 1971 3386 par
2009 3329 2046 3368 a
