2261 3684
605 247 1202 309 HISTORIARUM
1239 249 1395 309 LIB.
1440 249 1547 309 IV.
1904 254 1975 311 61

175 409 319 487 quia
359 409 556 488 gratia
596 409 777 483 oneri,
821 409 972 469 ultio
1011 409 1075 469 in
1118 415 1372 488 quaestu
1410 410 1679 472 habetur.
1765 411 1982 472 solacio

171 506 295 566 fuit
323 525 531 566 servus
558 506 833 585 Verginii
867 505 1198 585 Capitonis,
1229 527 1407 586 quem
1448 508 1817 586 proditorem
1843 509 1981 570 Tar-
2011 532 2070 569 10

172 603 579 662 racinensium
633 602 913 675 diximus,
970 603 1242 681 patibulo
1310 604 1544 664 adfixus

171 700 240 759 in
281 700 474 760 isdem
513 700 722 774 anuliS,
754 720 904 779 quos
932 708 1203 779 acceptos
1230 721 1266 761 a
1294 701 1542 762 Vitellio
1583 664 1719 763 “1²²3oe
1747 668 1983 764 maa-

166 797 468 877 gestabat.
554 805 617 857 at
637 797 863 859 Romae
886 805 1127 859 senatus
1156 806 1369 859 cuncta
1384 799 1543 877 prin·
1581 776 1630 805 ω
1647 776 1846 816 emperor.

166 895 411 973 cipibus
473 894 650 955 solita
709 895 1077 974 Vespasiano
1140 895 1424 969 decernit,
1483 896 1673 956 laetus
1735 901 1799 954 et
1851 893 1979 972 spei

165 999 392 1066 certus,
471 993 694 1071 quippe
772 999 1013 1071 sumpta
1072 1011 1181 1070 per
1247 992 1474 1053 Gallias
1539 991 1979 1072 Hispaniasque
2008 1010 2067 1065 15

165 1090 381 1151 civilia
424 1110 605 1164 arma,
650 1090 831 1150 motis
872 1090 949 1150 ad
990 1090 1217 1151 bellum
1258 1090 1611 1163 Germaniis,
1657 1109 1799 1149 mox
1841 1088 1980 1167 Illy·

164 1188 319 1261 rico,
378 1194 694 1266 postquam
749 1187 1097 1266 Aegyptum
1154 1187 1437 1248 Iudaeam
1494 1187 1848 1265 Suriamque
1917 1194 1979 1246 et

166 1285 374 1346 omnis
401 1271 741 1364 provincias
768 1285 1183 1363 exercitusque
1210 1284 1631 1359 lustraverant,
1673 1283 1843 1344 velut
1882 1304 1977 1344 ex·

165 1383 346 1462 piato
388 1388 680 1442 terrarum
734 1381 878 1442 orbe
934 1382 1158 1460 cepisse
1203 1382 1383 1442 finem
1422 1381 1817 1442 videbantur:
1880 1382 1978 1442 ad-

165 1479 385 1540 didere
468 1478 835 1539 alacritatem
918 1479 1272 1558 Vespasiani
1352 1478 1591 1539 litterae
1671 1485 1976 1557 tamquam
2002 1498 2068 1537 20

166 1583 461 1638 manente
508 1576 666 1637 bello
722 1576 990 1654 scriptae.
1105 1596 1176 1636 ea
1244 1575 1437 1655 prima
1504 1575 1698 1654 specie
1753 1576 1976 1652 forma3

170 1683 445 1735 ceterum
471 1682 543 1733 ut
567 1673 846 1752 princeps
884 1671 1303 1752 loquebantur,
1334 1673 1532 1733 civilia
1571 1675 1645 1733 de
1687 1692 1766 1747 se,
1798 1673 1874 1734 de
1913 1695 1978 1735 re

172 1770 420 1852 publica
445 1771 693 1851 egregia.
778 1790 889 1830 nec
917 1778 1160 1831 senatus
1189 1771 1541 1850 obsequium
1569 1769 1813 1831 deerat:
1861 1771 1978 1851 ipsi

172 1869 520 1931 consulatus
546 1889 682 1929 cum
708 1868 848 1929 Tito
876 1868 1017 1944 filio,
1046 1875 1329 1947 praetura
1355 1868 1703 1929 Domitiano
1744 1876 1806 1930 et
1847 1890 1980 1931 con-

173 1968 374 2028 sulare
401 1967 721 2045 imperium
748 1965 1170 2027 decernuntur.
2004 1979 2066 2034 25

256 2064 366 2125 IV.
412 2064 666 2125 Miserat
720 2071 782 2123 et
837 2063 1156 2124 Mucianus
1211 2063 1497 2143 epistulas
1550 2064 1628 2125 ad
1682 2072 1972 2139 senatum,
2003 2062 2045 2125 4

174 2183 331 2242 quae
371 2161 683 2222 materiam
724 2161 1098 2221 sermonibus
1142 2161 1484 2240 praebuere.
1600 2161 1650 2221 si
1706 2163 1978 2241 privatus

173 2266 351 2333 esset,
384 2279 489 2320 cur
513 2257 753 2338 publice
774 2258 1162 2336 loqueretur?
1245 2258 1510 2337 potuisse
1531 2259 1740 2320 eadem
1760 2281 1979 2338 paucos

173 2364 316 2437 post
344 2356 473 2417 dies
500 2356 628 2415 loco
657 2355 989 2415 sententiae
1015 2355 1153 2415 dici.
1240 2356 1374 2435 ipsa
1401 2376 1639 2434 quoque
1666 2356 1980 2419 insectatio

173 2457 241 2515 in
270 2453 588 2514 Vitellium
616 2473 750 2513 sera
777 2459 840 2513 et
866 2453 995 2513 sine
1021 2453 1304 2513 libertate
1332 2478 1345 2514 :
1385 2453 1450 2513 id
1490 2474 1633 2515 vero
1674 2474 1815 2533 erga
1854 2477 1978 2517 rem
2010 2474 2038 2528 5

175 2550 480 2631 publicam
520 2550 860 2628 superbum,
906 2569 1046 2629 erga
1085 2550 1416 2629 principem
1465 2553 1980 2620 contumeliosum,

176 2648 341 2728 quod
369 2648 433 2707 in
463 2667 645 2707 manu
673 2667 780 2708 sua
805 2646 988 2707 fuisse
1028 2647 1350 2726 imperium
1391 2647 1799 2729 donatumque
1839 2651 1982 2714 Ves-

175 2747 424 2827 pasiano
478 2745 756 2805 iactabat.
869 2751 1135 2805 ceterum
1189 2744 1419 2804 invidia
1478 2746 1544 2804 in

175 2843 429 2916 occulte,
460 2841 726 2902 adulatio
762 2842 828 2901 in
861 2849 1068 2920 aperto
1097 2847 1270 2901 erant
1296 2865 1308 2902 :
1351 2841 1542 2903 multo
1583 2805 1895 2909 ffiffundffiffrr
1905 2821 1985 2900 ‘12⁶3

175 2961 313 3003 cum
360 2940 586 3001 honore
641 2939 960 2999 verborum
1008 2938 1291 2999 Muciano
1339 2940 1542 2999 trium·
1575 2907 1798 2957 'mmm’
2018 2968 2075 3005 10

175 3037 382 3119 phalia
435 3036 511 3097 de
566 3036 723 3098 bello
776 3037 997 3097 civium
1053 3036 1212 3111 data,
1263 3037 1368 3097 sed
1416 3037 1481 3096 in
1536 3037 1838 3098 Sarmatas
1893 3056 1986 3098 ex-

176 3134 409 3215 peditio
464 3134 818 3212 fingebatur.
934 3134 1242 3194 adduntur
1298 3134 1501 3194 Primo
1541 3134 1813 3194 Antonio
1854 3155 1988 3196 con-

177 3233 416 3305 sularia,
488 3230 770 3292 Cornelio
838 3231 1033 3291 Fusco
1102 3238 1166 3290 et
1227 3230 1409 3291 Arrio
1468 3231 1631 3293 Varo
1685 3234 1987 3310 praetoria

178 3329 455 3411 insignia.
556 3347 696 3387 mox
748 3326 893 3389 deos
948 3346 1277 3410 respexere,
1337 3328 1574 3387 restitui
1617 3326 1984 3410 Capitolium
