2261 3684
283 229 359 286 98
820 226 1217 287 CORNELII
1257 227 1359 287 TA
1371 228 1455 287 C'I
1454 227 1541 287 TI

280 388 516 449 Vitellii
544 388 953 467 duplicaverat
980 389 1216 449 bellum.
1305 409 1445 458 nam
1475 388 1685 450 Civilis
1724 390 1944 448 omissa
1971 388 2091 448 dis-

281 486 660 546 simulatione
688 486 752 545 in
790 485 1078 564 populum
1118 486 1460 545 Romanum
1496 505 1684 558 ruere,
1719 486 2091 545 Vitellianae

279 583 542 662 legiones
590 584 686 644 vel
729 590 1044 644 externum
1086 583 1401 643 servitium
1443 603 1623 661 quam
1663 583 2089 660 imperatorem

228 696 256 749 5
281 681 717 759 Vespasianum
735 680 925 741 malle.
1000 680 1162 741 Galli
1183 681 1550 741 sustulerant
1566 680 1814 754 animos,
1834 679 2089 740 eandem

282 778 504 856 ubique
532 779 903 838 exercituum
937 784 1280 837 nostrorum
1321 778 1627 838 fortunam
1666 777 1801 850 rati,
1840 776 2090 855 vulgato

288 895 522 936 rumore
563 896 601 935 a
641 875 929 935 Sarmatis
971 874 1270 952 Dacisque
1313 859 1596 935 Moesica·
1625 895 1692 935 ac
1741 873 2092 934 Pannonica

284 971 535 1033 hiberna
562 971 978 1032 circumsederi
1000 992 1017 1045 3
1057 972 1227 1049 paria
1255 971 1331 1031 de
1351 970 1668 1031 Britannia
1688 970 2087 1049 fingebantur.

203 1186 262 1221 ,ο
285 1113 600 1203 ΜΝ
724 1068 1489 1244 ἶὲἓῑέἲὲἒξῖῖωῖἶῖἒῖ
1527 1067 1750 1225 3223?
1752 1068 2093 1237 &03:521

284 1262 598 1340 inpulerat.
684 1270 919 1340 captam
956 1261 1099 1322 olim
1142 1282 1179 1322 a
1219 1261 1409 1322 Gallis
1449 1262 1677 1334 urbem,
1710 1261 1814 1321 sed
1856 1262 2094 1340 integra

286 1357 448 1418 Iovis
516 1356 656 1417 sede
716 1357 1003 1417 mansisse
1064 1357 1422 1436 imperium:
1491 1357 1661 1417 fatali
1728 1378 1888 1417 nunc
1951 1357 2091 1436 igne

286 1455 523 1533 signum
572 1454 839 1515 caelestis
894 1454 1016 1514 irae
1058 1454 1270 1514 datum
1311 1462 1373 1514 et
1411 1455 1844 1533 possessionem
1891 1474 2093 1513 rerum

286 1551 680 1611 humanarum
722 1551 1128 1629 Transalpinis
1169 1551 1449 1630 gentibus
1489 1551 1770 1629 portendi
1811 1551 2095 1630 supersti-

205 1668 261 1721 ¹5
286 1649 450 1708 tione
503 1667 659 1708 vana
712 1647 980 1708 Druidae
1028 1648 1335 1708 canebant.
1439 1648 1878 1726 incesseratque
1933 1648 2096 1707 fama

287 1745 576 1824 primores
625 1744 956 1805 Galliarum
1009 1745 1086 1805 ab
1142 1745 1381 1805 Othone
1436 1745 1721 1805 adversus
1775 1744 2095 1805 Vitellium

289 1844 517 1916 missos,
540 1850 862 1921 antequam
883 1841 1356 1922 digrederentur,
1380 1842 1694 1922 pepigisse,
1717 1862 1795 1904 ne
1814 1842 2096 1903 deessent

288 1941 571 2014 libertati,
628 1941 679 2001 si
734 1940 1024 2019 populum
1084 1940 1425 2001 Romanum
1482 1941 1767 2000 continua
1824 1940 2096 2000 civilium

288 2038 581 2098 bellorum
609 2037 788 2096 series
818 2044 879 2096 et
905 2037 1145 2096 interna
1169 2036 1329 2096 mala
1353 2037 1684 2115 fregissent.

184 2142 264 2206 55
370 2134 493 2195 LV.
540 2133 704 2194 Ante
732 2133 928 2193 Flacci
957 2133 1291 2194 Hordeonii
1328 2133 1569 2194 caedem
1606 2133 1758 2194 nihil
1795 2134 2096 2212 prorupit,

291 2252 410 2311 quo
466 2231 796 2291 coniuratio
837 2230 1319 2309 intellegeretur:
1387 2231 1701 2290 interfecto
1744 2230 2097 2291 Hordeonio

291 2347 695 2389 commeavere
729 2328 928 2387 nuntii
955 2328 1114 2388 inter
1154 2326 1409 2388 Civilem
1447 2327 1891 2406 Classicumque
1931 2348 2097 2407 prae-

290 2426 515 2486 fectum
543 2424 668 2484 alae
697 2425 1108 2484 Treverorum.
1197 2423 1492 2484 Classicus
1518 2424 1833 2485 nobilitate
1861 2425 2098 2503 opibus-

237 2554 265 2606 5
292 2543 407 2602 que
453 2529 593 2583 ante
635 2521 817 2581 alios:
878 2521 1111 2599 regium
1158 2520 1246 2580 illi
1294 2541 1484 2599 genus
1528 2529 1590 2581 et
1632 2541 1776 2599 pace
1823 2521 2097 2599 belloque

292 2620 449 2681 clara
476 2620 657 2698 orig0,
688 2619 815 2697 ipse
844 2638 876 2678 e
905 2618 1228 2678 maioribus
1251 2618 1371 2677 suis
1394 2617 1596 2678 hostes
1622 2619 1826 2696 populi
1838 2618 2096 2678 Romani

293 2737 474 2796 quam
491 2715 690 2776 'socios
716 2715 991 2774 iactabat.
1078 2715 1368 2774 miscuere
1410 2734 1537 2774 sese
1574 2714 1764 2774 Iulius
1806 2714 2001 2774 Tutor
2036 2721 2096 2775 et

292 2814 485 2874 Iulius
514 2813 787 2884 Sabinus,
818 2811 915 2871 hic
942 2811 1170 2883 Trevir‚
1200 2811 1297 2871 hic
1336 2811 1658 2889 Lingonus,
1700 2811 1893 2871 Tutor
1930 2813 2096 2891 ripae

344 2955 633 3003 mmmm,
652 2954 702 3001 os
734 2908 934 2968 Rheni
987 2930 1022 2969 a
1062 2908 1312 2968 Vitellio
1367 2908 1696 2987 praefectus
1721 2931 1738 2982 3
1808 2909 2096 2968 Sabinum

197 3005 689 3074 ⁷10‘h20‘2‘li010‘2dm·
733 3025 912 3084 super
968 3005 1211 3064 insitam
1269 3005 1600 3065 vanitatem
1655 3005 1835 3066 falsae
1892 3006 2094 3083 stirpis

291 3104 480 3182 gloria
532 3102 927 3163 incendebat:
996 3102 1304 3180 proaviam
1359 3122 1528 3162 suam
1582 3102 1725 3163 divo
1780 3102 1936 3162 Iulio
1992 3122 2095 3181 per

294 3200 520 3259 Gallias
573 3198 821 3258 bellanti
877 3217 1121 3275 corpore
1178 3206 1359 3276 atque
1421 3197 1716 3258 adulterio
1786 3198 2089 3278 placuisse.

293 3294 360 3351 hi
413 3294 653 3353 secretis
707 3294 1078 3353 sermonibus
1135 3295 1366 3354 animos
1436 3303 1768 3357 ceterorum
1824 3296 2089 3369 scrutati,
