2261 3684
703 280 1157 342 HISTORIAR
1170 281 1299 341 ΠΜ
1335 281 1489 340 LIB.
1538 281 1657 340 III.
2007 282 2082 339 39

361 442 535 503 LIX.
600 442 692 502 Ut
749 448 1037 501 terrorem
1089 441 1299 502 Italiae
1348 460 1620 518 possessa
1681 441 1964 501 Mevania
2016 460 2084 500 ac
2109 444 2190 508 59

276 538 446 598 velut
487 546 761 598 renatum
792 560 868 598 ex
907 539 1142 615 integro
1183 537 1407 598 bellum
1449 538 1752 609 intulerat,
1794 539 1882 598 ita
1923 537 2084 598 haud

274 635 535 696 dubium
576 656 717 714 erga
757 635 1072 694 Flavianas
1114 644 1314 712 partes
1356 635 1622 694 studium
1666 642 1789 694 tam
1831 634 2084 713 pavidus

275 731 517 791 Vitellii
539 732 830 791 discessus
860 731 1112 791 addidit.
1147 730 1377 792 erectus
1408 731 1643 791 Samnis
1992 801 2001 811 ‚

274 829 720 908 Paelignusque
803 837 864 889 et
953 830 1143 888 Marsi
1224 828 1639 917 aemulatione,
1685 802 2084 912 qufftnflaffif
2110 855 2138 909 5

273 925 442 1003 quod
487 926 811 1004 Campania
837 927 1263 1004 praevenisset,
1294 934 1365 984 ut
1392 925 1456 984 in
1484 946 1640 985 novo
1684 914 1817 942 ”””””

273 1023 567 1102 obsequio
622 1023 699 1082 ad
754 1031 969 1083 cuncta
1020 1022 1163 1083 belli
1218 1022 1423 1082 munia
1476 1041 1639 1082 acres
1707 1026 1892 1080 erant.
1978 1018 2081 1077 sed

274 1120 454 1181 foeda
507 1121 704 1181 hieme
759 1140 866 1199 per
928 1120 1250 1180 transitum
1304 1119 1654 1198 Appennini
1709 1117 2081 1178 conflictatus

273 1218 592 1292 exercitus,
653 1224 713 1277 et
754 1217 862 1277 vix
916 1219 1121 1295 quieto
1178 1217 1414 1296 agmine
1469 1218 1638 1276 nives
1681 1214 2079 1276 eluctantibus

274 1315 495 1392 patuit,
568 1322 860 1393 quantum
929 1314 1291 1374 discriminis
1361 1313 1705 1374 adeundum
1772 1312 1944 1384 foret,
2016 1310 2080 1368 ni
2112 1342 2172 1378 10

276 1412 594 1472 Vitellium
656 1418 818 1471 retro
885 1412 1127 1471 fortuna
1196 1411 1488 1484 vertisset,
1562 1430 1713 1488 quae
1778 1407 2080 1468 Flavianis

274 1509 531 1568 ducibus
558 1529 677 1568 non
706 1509 904 1568 minus
946 1527 1119 1585 saepe
1148 1527 1327 1585 quam
1355 1507 1512 1567 ratio
1540 1506 1756 1566 adfuit.
1837 1504 2081 1565 obvium

275 1605 400 1665 illic
455 1605 742 1665 Petilium
804 1604 1095 1665 Cerialem
1151 1604 1430 1677 habuere,
1500 1604 1721 1682 agresti
1786 1602 1952 1662 cultu
2020 1607 2083 1661 et
2191 1602 2200 1611 '

276 1702 498 1762 notitia
523 1702 787 1762 locorum
817 1701 1114 1762 custodias
1145 1700 1378 1761 Vitellii
1407 1671 1718 1813 elapsum!
1746 1699 2082 1778 propinqua
2107 1736 2180 1815 R,
2215 1764 2218 1789 ⁴

276 1798 557 1859 adfinitas
601 1798 819 1874 Ceriali
860 1819 1017 1869 cum.
1035 1794 1422 1879 Vespasiano,
1468 1821 1577 1862 nec
1625 1802 1750 1881 ipse
1791 1801 2079 1881 inglorius
2109 1796 2196 1879 15²

275 1886 545 1969 militiae,
594 1916 781 1975 eoque
822 1898 985 1972 inter
1039 1897 1243 1969 duces„
1274 1898 1625 1977 adsumptus
1666 1886 1788 1973 est,
1871 1900 2079 1960 Flavio

274 2015 531 2074 quoque-
560 1980 783 2061 Sabino
804 2013 885 2055 ‘ac
907 1996 1259 2055 Domitiano
1289 1997 1549 2075 patuisse
1591 1997 1874 2077 effugium
1903 1997 2080 2057 multi

272 2087 618 2168 tradidere3
679 2099 741 2151 et
788 2092 954 2151 missi
1011 2092 1086 2152 ab
1141 2093 1411 2158 Antonio
1466 2088 1688 2176 nuntii]
1718 2114 1825 2173 per
1884 2095 2078 2155 varias

271 2190 523 2251 fallendi
550 2196 708 2265 artes
736 2189 1151 2275 penetrabant,
1196 2190 1391 2250 locum
1418 2211 1486 2251 ac
1513 2191 1873 2268 praesidium
1915 2213 2079 2252 mon·

271 2294 550 2349 strantes.
681 2286 934 2347 Sabinus
1004 2262 1330 2347 inthbilem
1397 2288 1588 2348 lab‘ori
1654 2296 1717 2348 et
1799 2290 2075 2350 audaciae
2102 2319 2168 2355 20

270 2384 683 2446 valetudinem
726 2384 1118 2445 causabatur:
1183 2385 1532 2444 Domitiano
1574 2385 1781 2446 aderat
1822 2373 2073 2462 animus,

271 2482 382 2544 sed
426 2465 702 2542 custodes
742 2501 779 2541 a
819 2480 1069 2541 Vitellio
1119 2479 1329 2554 additi,
1374 2501 1733 2560 quamquam
1776 2503 1838 2544 se
1886 2485 2074 2545 socios

269 2582 454 2659 fugae
480 2580 917 2657 promitterent,
948 2585 1258 2656 tamquam
1297 2578 1647 2639 insidiantes
1689 2580 2070 2658 timebantur.

270 2686 456 2757 atque
492 2677 619 2754 ipse
646 2663 929 2737 Vitellius
956 2671 1241 2752 'respectu
1283 2695 1526 2735 suarum
1565 2642 2092 2768 necessitudinum}⁸

269 2773 427 2835 nihil
453 2774 518 2832 in
543 2772 958 2832 Domitianum
985 2778 1160 2831 atrox
1187 2772 1450 2851 parabat.
2099 2804 2161 2856 25

354 2871 482 2931 LX.
526 2870 724 2930 Duces
765 2870 1026 2948 partium
1061 2877 1130 2929 ut
1172 2869 1447 2930 Carsulas
1474 2890 1707 2945 venere,
1751 2892 1969 2951 paucos
1997 2874 2072 2935 ad
2098 2886 2178 2950 60

270 2970 542 3049 requiem
561 2968 689 3028 dies
706 2975 966 3041 sumunt,
991 2967 1180 3027 donec
1209 2968 1440 3046 aquilae
1459 2968 1745 3048 signaque
1771 2970 2073 3050 legionum

271 3068 760 3146 adsequerentur.
847 3072 908 3125 et
935 3065 1099 3124 locus
1128 3064 1253 3142 ipse
1281 3073 1609 3126 castrorum
1636 3066 1924 3145 placebat,
1955 3070 2074 3130 late

269 3170 672 3245 prospectans,
697 3169 830 3222 tuto
852 3162 1155 3240 copiarum
1177 3163 1442 3241 adgestu,
1464 3164 2072 3255 florentissimiQe
2118 3137 2150 3243 Ξ)

272 3268 512 3340 tergum
553 3260 927 3338 municipiis3
983 3259 1163 3318 simul
1204 3260 1532 3346 conloquia
1557 3282 1690 3325 cum
1729 3263 2073 3346 Vitellianis
2100 3299 2128 3352 5

273 3359 478 3419 decem
494 3358 727 3436 milium
744 3357 936 3435 spatio
958 3356 1322 3440 distantibus
1343 3365 1406 3418 et
1421 3348 1683 3439 proditio
1704 3361 2066 3440 sperabatur.
