2261 3684
644 235 1236 298 HISTORIARUM
1274 226 1429 297 LIB.
1474 236 1592 297 III.
1943 239 2014 297 61

212 413 400 473 penes
471 395 759 456 Sabinum
829 404 972 457 erat.
1085 397 1325 457 caedem
1382 397 1509 458 eius
1562 397 1783 458 laetam
1837 396 2020 458 fuisse
2051 413 2110 449 10

211 492 504 554 Muciano
573 493 917 572 accepimus.
1003 495 1278 554 ferebant
1332 494 1599 574 plerique
1653 496 1836 555 etiam
1889 496 2019 574 paci

210 589 560 650 consultum
602 590 901 670 dirempta
940 591 1340 652 aemulatione
1381 592 1541 652 inter
1567 592 1735 665 duos,
1765 612 2019 671 quorum

208 687 373 747 alter
415 707 479 747 se
521 688 769 748 fratrem
813 688 1208 766 imperatorie,
1240 689 1393 749 alter
1420 696 1756 750 consortem
1783 690 2017 768 imperii

206 784 528 863 cogitaret.
615 785 720 845 sed
747 785 1032 845 Vitellius
1060 785 1321 846 consulis
1353 786 1711 864 supplicium
1752 787 2018 865 poscenti

203 881 445 961 populo
472 883 713 955 restitit,
744 883 1013 961 placatus
1043 903 1111 943 ac
1140 883 1307 944 velut
1332 884 1525 943 vicem
1551 884 1824 958 reddens,
1855 883 2018 963 quod
2050 897 2106 951 15

205 979 748 1058 interrogantibus,
781 981 915 1058 quis
944 979 1311 1058 Capitolium
1340 980 1718 1055 incendisset,
1751 1001 1813 1042 se
1850 1000 2019 1040 reum

206 1075 465 1138 Atticus
534 1078 834 1138 obtulerat
901 1097 1089 1156 eaque
1158 1078 1544 1152 confessione,
1617 1079 1742 1139 sive
1810 1086 2018 1157 aptum

210 1174 480 1253 tempori
507 1174 885 1235 mendacium
914 1175 1044 1247 fuit,
1075 1174 1370 1236 invidiam
1416 1175 1758 1254 crimenque
1802 1176 2020 1255 adgno-

212 1271 378 1333 visse
406 1278 470 1332 et
495 1293 532 1332 a
556 1272 831 1351 partibus
857 1271 1093 1333 Vitellii
1121 1271 1401 1333 amolitus
1429 1272 1760 1334 videbatur.

299 1369 583 1430 LXXVI.
629 1369 829 1430 Isdem
885 1369 1096 1430 diebus
1152 1369 1218 1430 L.
1266 1369 1549 1430 Vitellius
1602 1371 1812 1449 positis
1860 1371 2019 1449 apud
2045 1371 2124 1436 76

212 1467 539 1528 Feroniam
623 1468 830 1527 castris
921 1467 1154 1528 excidio
1237 1467 1590 1528 Tarracinae
1669 1468 2023 1529 imminebat

211 1564 435 1625 clausis
501 1564 626 1626 illic
697 1564 1128 1644 gladiatoribus
1196 1565 1654 1644 remigibusque,
1726 1567 1831 1644 qui
1897 1587 2019 1628 non

214 1650 423 1742 egredi
490 1662 728 1723 moenia
794 1682 988 1742 neque
1055 1662 1387 1741 periculum
1453 1663 1518 1722 in
1580 1672 1786 1741 aperto
1848 1666 2023 1725 aude-

213 1760 382 1820 bant.
485 1766 774 1839 praeerat,
832 1766 905 1820 ut
971 1779 1153 1839 supra
1219 1760 1696 1833 memoravimus,
1754 1761 2021 1823 Iulianus
2049 1784 2076 1838 5

213 1858 666 1937 gladiatoribus,
697 1858 1064 1937 Apollinaris
1092 1859 1432 1938 remigibus,
1466 1859 1708 1919 lascivia
1734 1861 2001 1921 socordia

215 1976 336 2035 que
379 1956 784 2035 gladiatorum
828 1955 1017 2035 magis
1062 1975 1244 2034 quam
1293 1955 1514 2016 ducum
1558 1956 1795 2017 similes.
1897 1979 2019 2018 non

214 2054 456 2133 vigilias
500 2073 689 2131 agere,
735 2073 857 2114 non
904 2054 1106 2113 intuta
1154 2054 1459 2114 moenium
1503 2056 1777 2115 firmare:
1839 2064 2020 2116 noctu

215 2150 438 2229 dieque
504 2150 655 2210 fluxi
722 2156 785 2209 et
852 2170 1100 2210 amoena
1168 2150 1414 2211 litorum
1481 2157 1883 2228 personantes,
1955 2153 2018 2211 in

215 2247 620 2308 ministerium
646 2247 826 2307 luxus
853 2247 1138 2326 dispersis
1164 2247 1473 2320 militibus,
1505 2247 1580 2307 de
2051 2282 2110 2317 10

215 2345 377 2407 bello
409 2352 647 2405 tantum
673 2346 835 2404 inter
860 2345 1135 2405 convivia
1161 2343 1577 2423 loquebantur.
1620 2311 1848 2409 suffio-isat
1855 2311 2022 2403 zilrssu-

214 2462 439 2523 paucos
506 2449 646 2501 ante
712 2441 841 2501 dies
909 2440 1262 2501 discesserat
1319 2441 1580 2519 Apinius
1621 2422 1722 2451 “m

216 2541 362 2601 Tiro
390 2539 682 2616 donisque
716 2559 783 2599 ac
822 2538 1088 2617 pecuniis
1129 2539 1338 2599 acerbe
1380 2558 1485 2617 per
1523 2538 1848 2617 municipia
1889 2559 2022 2599 con·

216 2637 530 2717 quirendis
555 2636 690 2715 plus
717 2636 980 2696 invidiae
1008 2655 1188 2714 quam
1211 2636 1428 2695 virium
1450 2636 1719 2714 partibus
1741 2635 2014 2696 addebat.

297 2733 618 2795 LXXVII.
662 2732 916 2793 Interim
947 2731 1024 2791 ad
1057 2732 1124 2792 L.
1156 2731 1471 2792 Vitellium
1514 2752 1719 2793 servus
1745 2732 2017 2813 Verginii
2044 2739 2124 2804 ’77

216 2831 534 2911 Capitonis
627 2829 890 2909 perfugit
983 2829 1420 2908 pollicitusque,
1512 2830 1562 2889 si
1655 2831 2018 2909 praesidium

214 2929 529 3007 acciperet,
584 2946 834 2988 vacuam
889 2946 1081 2987 arcem
1144 2926 1529 3003 traditurum,
1586 2927 1778 2987 multa
1843 2936 2018 2990 nocte

215 3026 494 3087 cohortes
521 3024 831 3103 expeditas
859 3023 1107 3084 summis
1136 3023 1433 3085 montium
1459 3024 1615 3103 iugis
1641 3044 1821 3104 super
1840 3034 2020 3105 caput

215 3124 484 3185 hostium
513 3122 676 3182 sistit
700 3146 714 3184 ς
756 3122 898 3182 inde
926 3121 1098 3182 miles
1126 3121 1204 3181 ad
1233 3121 1474 3182 caedem
1501 3122 1692 3201 magis
1721 3142 1899 3201 quam
1941 3125 2019 3185 ad
2046 3153 2074 3208 5

214 3240 484 3300 pugnam
560 3218 841 3279 decurrit.
951 3225 1234 3278 sternunt
1319 3218 1579 3277 inermos
1664 3226 1771 3276 aut
1855 3240 2019 3279 arma

215 3318 523 3399 capientes
567 3323 631 3375 et
673 3315 964 3396 quosdam
1008 3332 1218 3374 somno
1262 3312 1505 3383 excitos,
1552 3331 1689 3372 cum
1736 3313 2014 3381 tenebris,
