2261 3684
267 282 337 339 18
799 279 1195 340 CORNELII
1231 281 1337 340 ΤΑ
1348 280 1428 340 01
1431 280 1516 339 TI

259 440 568 500 advertere
608 441 885 519 proximi,
932 440 1152 500 deinde
1194 440 1433 519 plures:
1491 442 1632 502 hinc
1666 463 1780 550 per
1820 463 2060 503 omnem

259 538 443 598 aciem
465 524 486 612 Ι
511 538 861 597 miraculum
933 545 995 598 et
1076 546 1322 616 questus
1390 545 1453 598 et
1521 539 1851 623 saevissimi
1919 539 2061 599 belli

169 653 229 705 ²5
258 635 601 695 exsecratio.
690 654 797 694 nec
826 655 895 695 eo
923 635 1567 713 segniuslpropinquos
1589 612 1818 715 adfinis
1843 637 2061 713 fratres

257 732 563 791 trucidant
618 731 918 809 spoliant:
988 732 1215 791 factum
1278 751 1403 791 esse
1472 730 1661 792 scelus
1729 695 2061 810 loquuntur

255 828 635 912 faciuntque..
652 886 659 905 ,

148 920 229 984 26
337 925 563 985 XXVI.
611 925 703 985 Ut
720 924 1076 986 Cremonam
1093 944 1326 998 venere,
1339 945 1561 985 novum
1581 927 2058 1004 immensumque

255 1043 403 1101 opus
459 1022 727 1082 occurrit.
824 1021 1169 1082 Othoniano
1225 1021 1383 1082 bello
1440 1022 1830 1082 Germanicus
1885 1023 2059 1082 miles

253 1119 562 1180 moenibus
620 1118 1109 1179 Cremonensium
1166 1126 1358 1179 castra
1406 1139 1529 1194 sua,
1576 1121 1782 1180 castris
1830 1092 2060 1180 vallffl
2079 1098 2166 1189 ’Ἴ

253 1218 693 1277 circumiecerat
776 1235 964 1301 eaque
1050 1216 1425 1276 munimenta
1508 1236 1713 1276 rursus
1782 1226 2052 1278 auxerat.

198 1331 225 1384 5
253 1335 506 1401 quorum
552 1306 838 1392 adspectu
887 1312 1136 1373 haesere
1178 1314 1453 1387 victores,
1507 1288 1751 1379 incertis
1800 1306 2056 1375 ducibus

253 1412 399 1491 quid
452 1412 741 1471 iuberent.
842 1386 1116 1501 <incipere
1173 1360 1890 1676 offigKQQfesso
1949 1433 2055 1489 per

252 1510 413 1569 diem
439 1516 795 1585 noctemque
800 1494 1314 1617 exercituffirduu
1405 1515 1467 1567 et
1494 1507 1659 1567 nullo
1701 1517 1876 1575 iuxta
1918 1511 2054 1570 sub-

252 1580 702 1683 sidio³ancepsz
766 1605 860 1664 sin
904 1604 1263 1665 Bedriacum
1304 1625 1368 1664 re
1436 1613 1569 1721 aaent
1636 1606 2053 1668 intolerandus

250 1713 376 1764 tam
403 1703 567 1781 longi
595 1702 828 1761 itineris
857 1701 1040 1775 labor,
1073 1709 1137 1762 et
1164 1692 1436 1791 victoria(
1414 1674 1489 1791 (a
1572 1680 2052 1795 lfflffiffiol-
2131 1688 2166 1735 ἶ*
2259 1696 2261 1701 ’

167 1821 225 1857 ιο
256 1802 544 1863 vehatur:
590 1799 823 1860 munire
865 1806 1073 1875 castra,
1105 1799 1169 1860 id
1198 1818 1435 1878 quoque
1475 1800 1827 1879 propinquis
1869 1801 2053 1862 hosti-

254 1900 365 1960 bus
414 1897 884 1969 formidolosum,
934 1898 1016 1957 ne
1060 1897 1357 1974 dispersos
1414 1905 1477 1957 et
1531 1917 1679 1976 opus
1733 1891 2051 1960 molientes

238 1995 447 2079 [subita
508 1987 857 2082 eru'ptionel
894 1994 1223 2054 turbarent.
1289 2008 1490 2073 quae
1568 2014 1749 2073 super
1829 2003 2049 2057 cuncta

247 2089 546 2173 terrebat
526 2112 793 2170 ipsorum
810 2091 981 2152 miles
998 2068 1258 2169 periculi
1263 2111 1443 2184 quam
1463 2112 1663 2174 morae
1686 2094 2048 2169 patientior:
2258 2123 2261 2222 Α

247 2192 466 2271 quippe
507 2190 744 2270 ingrata
771 2207 923 2266 quae
953 2194 1101 2262 tuta,
1138 2208 1215 2248 ex
1242 2169 1583 2249 temeritate
1614 2209 1789 2267 spes3
1830 2190 2049 2250 omnis-

162 2308 218 2361 15
247 2310 361 2370 que
406 2286 615 2347 caedes
659 2293 724 2345 et
765 2284 1015 2345 vulnera
1061 2292 1123 2345 et
1166 2285 1407 2424 sanguis
1450 2286 1743 2346 aviditate
1793 2288 2048 2365 praedae

245 2385 705 2467 pensabantur.
728 2393 763 2424 ‘1³
822 2401 827 2410 ⁴
904 2365 953 2398 ‘f
1137 2409 1170 2424 ³
1263 2413 1268 2416 ·
1437 2419 1449 2444 ι
2055 2341 2150 2446 Ἠ,
2259 2429 2261 2460 ,

138 2485 220 2550 27
327 2480 589 2543 XXVII.
636 2479 774 2539 Huc
814 2418 1129 2570 inclinavit
1172 2419 1530 2539 Antonius
1501 2437 1788 2558 cingique
1817 2479 2044 2540 vallum

681 2596 897 2636 corona
952 2576 1139 2635 iussit.
1245 2577 1438 2654 primo
1487 2577 1722 2656 sagittis
1764 2578 2044 2656 saxisque

244 2651 457 2744 ιαέῗεῖωἷῖι
447 2660 566 2741 ⁶in
569 2652 665 2739 gi:
681 2674 912 2733 eminus
968 2673 1295 2744 certabant,
1353 2673 1576 2734 maiore
1618 2674 2043 2736 Flavianorum

243 2755 406 2794 emma
379 2763 484 2800 amp
678 2770 957 2848 pernicie,
978 2770 1043 2829 in
1060 2790 1210 2848 quos
1230 2770 1351 2829 tela
1370 2770 1623 2849 desuper
1640 2771 2043 2847 librabantur3

185 2897 212 2950 5
240 2893 382 2931 mox
463 2868 686 2929 vallum
767 2875 1088 2945 portasque
1172 2867 1505 2945 legionibus
1591 2868 1885 2940 attribuit,
1970 2877 2043 2930 ut

239 2968 528 3029 discretus
568 2965 738 3025 labor
761 2965 960 3032 {fortes
1001 2964 1365 3041 ignavosque
1414 2963 1813 3042 distingueret
1860 2972 2041 3043 atque

237 3067 367 3144 ipsa
427 3063 811 3124 contentione
878 3058 1106 3121 decoris
1175 3053 1654 3120 accenderentur.
1764 3062 2043 3164 proxima

236 3162 620 3223 Bedriacensi
692 3160 823 3219 viae
891 3158 1138 3219 tertiani
1207 3157 1645 3236 septimanique
1715 3177 2037 3237 sumpsere,

237 3258 578 3318 dexteriora
606 3256 748 3315 valli
778 3263 989 3315 octava
1016 3275 1084 3314 ac
1125 3255 1382 3332 septima
1425 3254 1796 3340 Claudiana3
1837 3257 2042 3317 tertia-

153 3381 211 3416 10
236 3355 595 3412 decumanos
665 3352 742 3410 ad
811 3350 1160 3410 Brixianam
1229 3358 1466 3427 portam
1535 3335 1794 3428 impetus
1872 3331 2034 3416 tuTns.
