2261 3684
735 206 1189 267 HISTORIAR
1203 206 1332 267 UM
1368 207 1524 267 LIB.
1570 207 1678 268 IV.
1988 211 2021 266 1
2035 210 2107 268 19

305 367 641 446 composita
668 367 934 428 Tolbiaci
962 368 1025 427 in
1055 368 1274 428 finibus
1310 368 1839 447 Agrippinensium
1866 369 2114 448 agebat:
2145 396 2204 433 10

305 465 416 526 sed
491 465 684 524 tristis
759 465 1010 525 nuntius
1101 466 1337 539 avertit,
1418 464 1676 525 deletam
1793 498 1969 539 offla,
2040 500 2114 538 aa.

306 562 618 622 cohortem
711 560 850 622 dolo
932 561 1481 640 Agrippinensium,
1568 561 1673 639 qui
1714 550 2112 598 amtooozoqm.

306 658 490 737 largis
560 657 754 736 epulis
820 658 1082 736 vinoque
1162 658 1388 737 sopitos
1475 660 1821 731 Germanos,
1901 656 2114 717 clausis

306 755 555 828 foribus,
578 755 716 833 igne
738 753 956 814 iniecto
986 774 1322 815 cremavere
1335 777 1349 828 ;
1380 753 1557 813 simul
1587 753 1833 814 Cerialis
1860 773 2114 832 propero

307 851 546 930 agmine
608 851 901 911 subvenit.
1017 851 1490 911 circumsteterat
1545 849 1797 910 Civilem
1854 856 1916 910 et
1963 850 2114 910 alius
2147 859 2203 913 ι5

306 955 524 1021 metue,
567 969 643 1008 ne
691 954 905 1026 quarta
948 947 1198 1007 decuma
1243 947 1401 1026 legio
1449 946 1731 1007 adiuncta
1772 946 2117 1007 Britannica

307 1047 494 1106 classe
550 1045 887 1105 adflictaret
948 1045 1206 1104 Batavos
1277 1064 1394 1122 qua
1455 1043 1692 1104 Oceano
1753 1038 2147 1105 ambiuntur(

306 1142 416 1202 sed
455 1142 752 1220 legionem
792 1141 1062 1201 terrestri
1101 1141 1316 1200 itinere
1355 1140 1575 1200 Fabius
1613 1140 1848 1200 Priscus
1885 1141 2116 1219 legatus

305 1239 373 1299 in
428 1239 684 1300 Nervios
738 1239 1129 1317 Tungrosque
1185 1238 1382 1311 duxit,
1441 1257 1660 1316 eaeque
1722 1238 1995 1298 civitates
2050 1238 2113 1298 in

306 1335 679 1396 deditionem
746 1342 1055 1413 acceptae:
1145 1334 1392 1395 classem
1463 1334 1621 1394 ultro
1690 1335 2114 1396 Canninefates
2141 1347 2206 1383 20

308 1433 572 1511 adgressi
628 1439 769 1492 sunt
822 1433 1130 1510 maiorque
1185 1452 1322 1510 pars
1377 1431 1623 1491 navium
1677 1431 1957 1510 depressa
2012 1440 2116 1493 aut

307 1537 498 1608 capta.
606 1536 668 1588 et
733 1529 1097 1589 Nerviorum
1166 1527 1633 1601 multitudinem,
1690 1536 1903 1608 sponte
1964 1550 2118 1590 com-

308 1633 537 1686 motam
556 1633 627 1685 ut
647 1646 756 1704 pro
775 1625 1063 1685 Romanis
1081 1625 1308 1685 bellum
1327 1632 1671 1704 capesseret,
1795 1670 1996 1709 sacoma
2075 1671 2124 1720 os

306 1723 469 1783 idem
530 1722 957 1783 Canninefates
1041 1723 1265 1782 fudere.
1382 1721 1676 1783 Classicus
1720 1719 1878 1760 0²⁹²&-
2062 1733 2066 1736 ’

308 1839 548 1899 quoque
590 1819 873 1881 adversus
916 1820 1147 1898 equites
1198 1811 1564 1881 Novaesium
1606 1840 1642 1880 a
1682 1819 1913 1880 Ceriale
1953 1839 2116 1898 prae·
2141 1830 2203 1885 25

307 1919 521 1978 missos
570 1917 895 1977 secundum
951 1917 1245 1996 proelium
1290 1917 1465 1977 fecit:
1524 1937 1676 1995 quae
1718 1917 1966 1989 modica,
2011 1917 2115 1977 sed

308 2016 515 2075 crebra
536 2014 753 2074 damna
774 2015 994 2074 famam
1016 2014 1300 2074 victoriae
1322 2034 1513 2092 nuper
1532 2021 1737 2092 partae
1755 2014 2112 2076 lacerabant.

389 2111 638 2172 LXXX.
687 2111 888 2171 Isdem
957 2111 1170 2171 diebus
1240 2111 1558 2171 Mucianus
1617 2111 1855 2172 Vitellii
1925 2111 2116 2172 filium
2143 2116 2223 2180 80

306 2209 565 2269 interfici
612 2208 797 2281 iubet,
852 2228 1196 2268 mansuram
1243 2207 1602 2268 discordiam
1657 2208 2006 2284 obtendenS,
2052 2210 2117 2268 ni

308 2306 539 2366 semina
577 2305 720 2366 belli
760 2305 1155 2365 restinxisset.
1242 2325 1435 2383 neque
1473 2305 1810 2365 Antonium
1848 2306 2118 2365 Primum

308 2399 527 2464 adsciri
568 2403 732 2463 inter
773 2403 1020 2463 comites
1063 2423 1098 2462 a
1133 2403 1486 2463 Domitiano
1527 2423 1735 2481 passus
1778 2410 1885 2478 est,
1915 2404 2117 2465 favore

309 2500 575 2560 militum
623 2500 840 2559 anxius
882 2506 944 2559 et
988 2499 1270 2578 superbia
1310 2499 1425 2559 viri
1481 2499 1819 2578 aequalium
1861 2521 2115 2580 quoque,
2147 2527 2175 2581 5

309 2596 462 2656 adeo
512 2596 888 2675 superiorum
932 2595 1331 2656 intolerantis.
1426 2595 1726 2673 profectus
1781 2595 1858 2655 ad
1899 2597 2121 2677 Vespa·

310 2694 545 2754 sianum
601 2693 907 2753 Antonius
960 2699 1054 2752 ut
1087 2713 1211 2753 non
1264 2713 1373 2771 pro
1428 2713 1531 2770 spe
1573 2713 1680 2753 sua
1792 2755 2014 2803 acceptiora
2079 2757 2130 2804 os

311 2791 627 2869 excipitur,
672 2791 760 2850 ita
800 2810 993 2869 neque
1036 2810 1245 2850 averso
1301 2790 1679 2867 imperatoris
1721 2806 1938 2845 Antonius
1949 2807 2123 2866 primm

313 2889 530 2948 animo.
645 2887 997 2947 trahebatur
1076 2888 1142 2947 in
1219 2887 1470 2961 diversa,
1543 2888 1681 2947 hinc
1723 2858 1775 2906 ’Ψ
1799 2858 2042 2905 Vespamn.

310 2984 541 3045 meritis
585 2984 857 3058 Antonii,
911 2984 1079 3044 cuius
1127 2983 1313 3043 ductu
1363 2984 1697 3045 confectum
1738 2983 1900 3043 haud
1943 2981 2123 3043 dubie
2156 2997 2215 3033 10

313 3082 539 3143 bellum
604 3088 749 3154 erat,
806 3081 951 3141 inde
1012 3081 1281 3141 Muciani
1344 3083 1656 3159 epistulis:
1717 3079 1896 3141 simul
1943 3080 2124 3140 ceteri

310 3186 381 3239 ut
450 3178 744 3239 infestum
808 3178 1230 3255 tumidumque
1299 3178 1763 3251 insectabantur,
1829 3178 2126 3238 adiunctis

308 3276 530 3355 prioris
589 3276 749 3335 vitae
806 3276 1170 3336 criminibus.
1281 3295 1474 3353 neque
1519 3277 1644 3355 ipse
1699 3276 1905 3336 deerat
1960 3274 2126 3336 adro-
