2261 3684
646 1020 1615 1120 HISTORIARUM

950 1221 1169 1272 LIBER
1211 1222 1308 1272 IV.

299 1409 351 1471 1.
397 1410 723 1471 Interfecto
762 1411 1009 1471 Vitellio
1047 1411 1274 1472 bellum
1315 1412 1503 1490 magis
1544 1411 1803 1472 desierat
1842 1432 2022 1491 quam
2049 1403 2085 1466 1

210 1527 341 1585 pax
362 1514 652 1584 coeperat.
737 1509 951 1568 armati
972 1528 1080 1586 per
1098 1509 1309 1568 urbem
1329 1509 1585 1568 victores
1677 1551 1875 1592 mem„
1890 1552 1940 1600 os
1957 1550 2024 1591 ,he

213 1603 585 1682 implacabili
626 1605 764 1665 odio
805 1605 994 1665 victos
1049 1606 1584 1666 consectabantur:
1626 1602 1790 1641 ''mm''-

214 1701 432 1778 plenae
472 1701 752 1761 caedibus
796 1701 942 1776 viae,
973 1710 1221 1763 cruenta
1247 1704 1378 1763 fora
1411 1703 1770 1781 templaque,
1800 1702 2022 1782 passim

175 1800 184 1807 ’
216 1796 552 1873 trucidatiS,
611 1805 683 1859 ut
749 1818 1044 1878 quemque
1111 1800 1236 1861 fors
1305 1800 1617 1861 obtulerat.
1746 1820 1813 1860 ac
1880 1820 2022 1860 mox
2049 1814 2076 1869 5

216 1903 574 1974 augescente
627 1896 868 1957 licentia
921 1891 1173 1957 scrutari
1229 1919 1295 1958 ac
1349 1898 1697 1977 protrahere
1747 1897 2022 1973 abditos3

215 1992 268 2051 si
310 2012 492 2071 quem
547 2013 855 2071 procerum
904 1993 1116 2054 habitu
1173 2002 1235 2055 et
1274 1994 1523 2056 iuventa
1571 2000 2018 2073 conspexerant,

215 2089 573 2150 obtruncare
641 2089 807 2149 nullo
876 2091 1138 2151 militum
1206 2098 1313 2152 aut
1387 2091 1591 2171 populi
1659 2091 2015 2152 discrimine.

215 2206 372 2265 quae
428 2186 677 2246 saevitia
730 2187 1067 2247 recentibus
1116 2187 1269 2247 odiis
1311 2188 1596 2267 sanguine
1652 2187 2017 2266 explebatur,

214 2283 359 2343 dein
402 2289 666 2343 verterat
718 2283 783 2342 in
825 2283 1178 2360 avaritiam3
1234 2284 1385 2344 nihil
1427 2305 1678 2363 usquam
1727 2292 2018 2346 secretum
2049 2300 2108 2336 10

214 2387 323 2440 aut
385 2379 650 2440 clausum
712 2381 1005 2452 sinebant,
1070 2380 1430 2442 Vitellianos
1501 2381 1781 2442 occultari
1842 2381 2020 2442 simu·

212 2478 423 2538 lantes
537 2478 778 2537 initium
832 2477 896 2537 id
957 2478 1519 2558 perfringendarum
1574 2480 1876 2555 domuum,
1921 2481 2018 2542 vel

214 2577 264 2635 si
293 2576 685 2649 resisteretur,
718 2596 892 2635 causa
929 2575 1125 2635 caedis
1149 2599 1166 2651 3
1207 2596 1316 2636 nec
1357 2576 1562 2637 deerat
1604 2578 2017 2655 egentissimus

212 2673 470 2752 quisque
512 2691 545 2732 e
586 2672 758 2750 plebe
800 2680 863 2732 et
890 2672 1134 2751 pessimi
1172 2674 1551 2734 servitiorum
1580 2675 1829 2753 prodere
1856 2675 2018 2736 ultro

211 2770 370 2830 dites
413 2769 703 2844 dominos,
735 2769 837 2829 alii
864 2770 941 2830 ab
969 2771 1174 2830 amicis
1208 2772 1711 2833 monstrabantur.
1796 2773 2018 2853 ubique
2049 2790 2105 2844 15

211 2867 494 2939 lamenta,
526 2866 1022 2927 conclamationes
1051 2873 1113 2927 et
1139 2867 1382 2928 fortuna
1410 2876 1616 2948 captae
1656 2870 1835 2944 urbiS‚
1868 2863 2017 2932 adeo

210 2972 285 3025 ut
338 2964 668 3025 Othoniani
725 2964 1156 3043 Vitellianique
1212 2964 1422 3025 militis
1476 2967 1774 3027 invidiosa
1841 2976 2018 3029 antea

211 3061 551 3141 petulantia
589 3061 1043 3123 desideraretur.
1130 3061 1311 3122 duces
1338 3065 1600 3141 partium
1641 3065 2017 3125 accendendo

212 3159 376 3220 civili
396 3158 553 3219 bello
575 3178 753 3231 acreS‚
774 3159 1195 3237 temperandae
1217 3160 1500 3221 victoriae
1521 3161 1757 3239 inpares
1760 3186 1777 3237 3
1795 3163 2017 3242 quippe

211 3258 374 3317 inter
400 3257 609 3317 turbas
637 3263 699 3317 et
732 3255 1055 3317 discordias
1096 3257 1354 3335 pessimo
1383 3258 1594 3336 cuique
1621 3258 1880 3337 plurima
1906 3260 2015 3336 vis,
2042 3276 2108 3313 20

211 3375 333 3434 pax
360 3361 425 3415 et
450 3354 619 3433 quies
647 3354 819 3414 bonis
846 3354 1075 3414 artibus
1103 3353 1394 3433 indigent.

1080 3485 1147 3533 59
