2261 3684
554 296 558 301 ,
596 235 1195 297 HISTORIARUM
1229 236 1384 296 LIB.
1431 236 1540 296 IV.
1925 239 1994 298 81

174 395 414 456 iurandi
457 396 641 456 verba
688 397 1082 474 conciperent,
1138 396 1490 475 Vespasiani
1538 417 1754 458 nomen
1798 396 1986 457 haesi·

174 500 374 553 tantes
416 500 521 553 aut
547 493 667 554 levi
696 514 1000 554 murmure
1031 502 1093 554 et
1124 494 1475 573 plerumque
1518 495 1757 555 silentio
1799 502 1985 555 trans-

174 590 515 650 mittebant.
1038 603 1042 608 ’

251 688 518 748 XXXII.
591 688 804 749 Lectae
873 688 1092 749 deinde
1164 709 1272 768 pro
1342 689 1621 751 contione
1691 689 1983 769 epistulae
2008 692 2090 758 32

175 786 428 846 Antonii
484 785 559 846 ad
616 786 868 847 Civilem
922 787 1289 864 suspiciones
1339 786 1606 847 militum
1654 788 1980 856 irritavere,

172 891 484 961 tamquam
510 883 588 942 ad
615 883 841 942 socium
867 883 1135 960 partium
1163 883 1418 961 scriptae
1441 891 1504 943 et
1525 883 1602 943 de
1624 883 1983 944 Germanico

171 980 443 1041 exercitu
468 979 785 1040 hostiliter.
871 1000 1013 1040 mox
1042 980 1259 1041 adlatis
1302 980 1641 1041 Geldubam
1683 981 1747 1040 in
1790 988 1984 1041 castra

170 1077 402 1137 nuntiis
432 1077 638 1138 eadem
668 1077 830 1137 dicta
855 1077 1149 1155 factaque,
1185 1083 1247 1136 et
1274 1078 1487 1137 missus
1518 1097 1652 1137 cum
1682 1077 1983 1138 mandatis
2009 1093 2038 1146 5

171 1175 504 1235 Montanus
531 1174 609 1234 ad
639 1174 905 1248 Civilem,
937 1182 1008 1235 ut
1035 1175 1352 1235 absisteret
1379 1174 1538 1235 bello
1559 1195 1711 1236 neve
1734 1182 1983 1236 externa

171 1272 354 1332 armis
421 1271 586 1330 falsis
654 1272 919 1332 velaret:
992 1272 1041 1331 si
1096 1271 1536 1349 Vespasianum
1618 1312 1868 1354 Montanus·
1885 1314 1981 1353 ma·

165 1371 376 1432 iuvare
444 1369 758 1448 adgressus
830 1370 1001 1443 foret,
1073 1369 1220 1429 satis
1301 1369 1527 1429 factum
1583 1365 1679 1404 '³⁰⁷⁸
1698 1369 1739 1404 ‘⁰
1758 1365 1915 1404 &vim-

166 1467 414 1548 coeptis.
499 1467 576 1526 ad
613 1487 683 1527 ea
720 1466 931 1527 Civilis
968 1466 1165 1544 primo
1203 1465 1415 1525 callide
1443 1489 1455 1525 ε
1496 1474 1634 1544 post
1671 1464 1774 1526 ubi
1801 1463 1969 1524 videt

169 1565 530 1624 Montanum
573 1563 971 1640 praeferocem
1018 1564 1260 1643 ingenio
1314 1571 1709 1642 paratumque
1766 1563 1830 1623 in
1885 1583 1979 1623 res
2011 1587 2068 1622 10

166 1681 370 1735 novas,
403 1680 570 1720 orsus
614 1681 650 1720 a
690 1667 908 1738 questu
949 1661 1364 1739 periculisque,
1396 1680 1549 1739 quae
1583 1680 1690 1739 per
1716 1659 1979 1739 quinque

167 1764 230 1818 et
297 1757 515 1836 viginti
584 1777 773 1817 annos
833 1757 898 1817 in
960 1757 1171 1817 castris
1240 1757 1530 1818 Romanis
1586 1757 1976 1831 exhausisset,

170 1864 184 1890 ‘
206 1854 542 1934 egregium'
585 1854 784 1934 inquit
842 1856 1135 1933 ‘pretium
1190 1855 1463 1916 laborum
1516 1856 1728 1934 recepi,
1774 1875 1978 1916 necem

164 1952 369 2013 fratris
411 1960 471 2012 et
499 1952 742 2013 vincula
783 1972 915 2013 mea
956 1961 1017 2012 et
1045 1953 1418 2014 saevissimas
1460 1952 1639 2013 huius
1681 1953 1978 2013 exercitus

164 2070 357 2124 voces,
414 2050 633 2128 quibus
690 2050 766 2111 ad
814 2051 1182 2129 supplicium
1236 2051 1465 2129 petitus
1520 2051 1648 2110 iure
1703 2051 1975 2129 gentium
2008 2065 2063 2117 15

162 2168 385 2227 poenas
412 2167 671 2225 reposco.
785 2169 893 2208 vos
934 2155 1137 2208 autem
1180 2148 1425 2209 Treveri
1468 2155 1819 2226 ceteraeque
1861 2167 1976 2207 ser-

161 2245 457 2305 vientium
496 2245 747 2320 animae,
792 2245 953 2324 quod
993 2245 1331 2323 praemium
1372 2246 1541 2306 effusi
1584 2245 1806 2305 totiens
1849 2265 1976 2304 san·

159 2341 361 2421 guinis
403 2342 737 2419 expectatis
779 2342 895 2402 nisi
937 2342 1237 2421 ingratam
1286 2342 1580 2415 militiam,
1633 2342 1976 2402 inmortalia

160 2440 410 2510 tributa,
485 2438 701 2517 virgaS,
775 2458 1008 2499 secures
1088 2446 1151 2499 et
1214 2439 1617 2506 ,dominorum
1698 2439 1974 2518 ingenia?

160 2558 235 2599 en
293 2557 403 2615 ego
471 2537 807 2614 praefectus
861 2538 1040 2597 unius
1109 2538 1373 2610 cohortis
1428 2545 1490 2597 et
1546 2537 1974 2598 Canninefates
1999 2553 2065 2591 20

158 2635 509 2712 Batavique,
532 2634 748 2712 exigua
765 2634 1094 2695 Galliarum
1114 2635 1328 2713 portio,
1350 2655 1507 2694 vana
1522 2635 1626 2695 illa
1644 2643 1972 2695 castrorum

159 2732 356 2812 spatia
385 2730 745 2793 exscidimus
774 2732 870 2792 vel
898 2740 1104 2810 saepta
1132 2732 1290 2792 ferro
1318 2732 1592 2811 fameque
1626 2733 1966 2811 premimus.

157 2830 420 2908 denique
462 2849 634 2889 ausos
678 2836 783 2889 aut
822 2828 1070 2889 libertas
1126 2836 1411 2907 sequetur
1452 2837 1558 2890 aut
1614 2830 1762 2890 victi
1811 2830 1971 2890 idem

156 2926 415 2988 erimus.'
496 2926 581 2986 sic
637 2945 965 3001 accensum,
1010 2925 1114 2985 sed
1159 2926 1430 2987 molliora
1475 2927 1694 2987 referre
1743 2926 1971 2987 iussum

154 3024 456 3085 dimittit:
501 3024 600 3083 ille
641 3031 711 3083 ut
752 3024 970 3083 inritus
1019 3023 1336 3101 legationis
1384 3023 1559 3097 redit,
1612 3031 1810 3084 cetera
1857 3024 1971 3084 dis·
1998 3038 2059 3092 25

152 3121 460 3192 simulans,
492 3140 646 3198 quae
676 3140 817 3179 mox
846 3140 1109 3198 erupere.

237 3217 535 3278 XXXIII.
585 3216 794 3279 Civilis
822 3225 991 3295 parte
1034 3217 1338 3295 copiarum
1377 3224 1615 3277 retenta
1654 3226 1968 3281 veteranas
1995 3221 2074 3285 33

151 3316 430 3379 cohortes
453 3322 516 3374 et
534 3313 695 3392 quod
725 3334 758 3374 e
781 3313 1097 3374 Germanis
1120 3314 1381 3374 maxime
1398 3323 1745 3393 promptum
1766 3316 1971 3377 adver·

1067 3458 1096 3491 b.
