2261 3684
273 224 349 282 86
810 210 1210 283 CORNELII
1244 221 1352 282 ΤΑ
1360 220 1531 283 C'ITI

169 384 247 449 38
353 383 710 444 XXXVIII.
757 383 996 443 Interea
1047 384 1452 461 Vespasianus
1502 383 1719 442 iterum
1775 403 1843 442 ac
1899 382 2082 441 Titus

271 482 643 542 consulatum
696 481 971 540 absentes
1026 481 1303 554 inierant,
1361 487 1587 539 maesta
1640 487 1701 539 et
1755 478 2081 557 multiplici

271 587 437 639 metu
492 598 775 656 suspensa
831 579 1090 649 civitate,
1152 597 1303 656 quae
1353 597 1530 655 super
1579 576 1871 636 instantia
1918 574 2081 635 mala

711 675 890 735 falsos
999 695 1248 752 pavores
1356 674 1653 745 induerat,
1756 672 2080 732 descivisse

218 783 244 835 5
273 738 566 827 ‘affixam
586 738 671 826 dun
711 771 979 831 Africam
1033 791 1128 831 res
1171 791 1355 831 novas
1397 770 1681 830 moliente
1721 770 1790 830 L.
1835 770 2074 829 Pisone.

271 838 433 886 m
713 869 763 928 is
818 889 927 946 pro
1005 869 1216 928 consede
1288 867 1630 946 provinciae
1695 886 2080 945 nequaquam

272 963 550 1023 turbidus
604 964 862 1043 ingeni0‚
923 965 1027 1025 sed
1083 965 1227 1044 quia
1292 984 1475 1024 naves
1543 964 1793 1024 saevitia
1860 963 2080 1023 hiemis

272 1061 759 1138 prohibebantur,
807 1062 1021 1141 vulgus
1063 1061 1351 1121 alimenta
1391 1062 1454 1121 in
1482 1061 1610 1121 dies
1651 1061 1903 1120 mercari
1945 1060 2081 1120 soli·

273 1165 418 1232 tum,
464 1160 559 1218 cui
601 1179 723 1219 una
770 1179 846 1219 ex
887 1180 952 1219 re
999 1158 1238 1237 publica
1285 1178 1555 1218 annonae
1600 1178 1757 1231 cura,
1809 1157 2074 1218 clausum

191 1272 249 1308 10
271 1256 432 1327 litus,
463 1256 708 1315 retineri
737 1264 1114 1330 commeatus,
1147 1255 1293 1315 dum
1322 1256 1512 1328 timet,
1537 1254 1834 1328 credebat,
1859 1274 2080 1334 augen-

273 1353 434 1413 tibus
461 1353 681 1412 famam
704 1353 1062 1427 Vitellianis,
1086 1353 1190 1431 qui
1221 1352 1487 1412 studium
1518 1353 1783 1430 partium
1805 1352 2079 1412 nondum

273 1457 611 1529 posuerant,
669 1471 744 1510 ne
813 1451 1139 1510 victoribus
1202 1450 1445 1528 quidem
1513 1450 1748 1527 ingrato
1817 1469 2076 1522 rumore,

272 1567 526 1626 quorum
555 1547 915 1625 cupiditates
937 1547 1202 1608 externis
1220 1566 1457 1625 quoque
1487 1546 1659 1607 bellis
1682 1547 2079 1625 inexplebiles

273 1644 438 1704 nulla
465 1663 749 1721 umquam
778 1644 969 1703 civilis
1000 1642 1251 1703 victoria
1279 1642 1540 1702 satiavit

168 1730 249 1796 39
355 1741 646 1800 ΧΧΧΙΧ.
696 1740 987 1800 Kalendis
1016 1739 1355 1800 Ianuariis
1337 1760 1399 1799 m
1430 1747 1658 1813 senatu,
1679 1759 1857 1818 quem
1887 1691 2078 1800 Iulius

274 1838 601 1900 Frontinus
628 1847 869 1917 praetor
897 1838 1160 1899 urbanus
1190 1845 1519 1910 vocaverat,
1566 1837 1778 1916 legatis
1807 1839 2078 1898 exerciti-

275 1938 501 2016 busque
531 1957 598 1995 ac
621 1936 859 2014 regibus
875 1935 1080 1995 laudes
1097 1945 1413 2014 gratesque
1436 1934 1707 1995 decretae
1730 1958 1748 2010 ;
1789 1943 1852 1995 et
1872 1935 2077 1996 Tettio

277 2035 509 2094 Iuliano
536 2041 833 2111 praetura,
865 2041 1174 2111 tamquam
1214 2032 1756 2110 transgredientem
1782 2032 1846 2091 in
1875 2041 2078 2111 partes

222 2141 249 2195 5
275 2130 627 2209 Vespasiani
657 2128 950 2208 legionem
979 2129 1353 2203 deseruisset,
1383 2129 1596 2201 ablata,
1628 2136 1698 2188 ut
1724 2129 1787 2187 in
1808 2128 2077 2189 Plotium

276 2227 573 2304 Griphum
628 2226 1087 2300 transferretur3
1157 2225 1387 2285 Hormo
1456 2225 1716 2303 dignitas
1785 2228 2079 2304 equestris

277 2327 431 2386 data.
521 2330 582 2382 et
622 2342 764 2381 mox
793 2322 1062 2382 eiurante
1096 2322 1389 2381 Frontino
1432 2321 1650 2382 Caesar
1689 2320 2079 2384 Domitianus

278 2428 616 2502 praeturam
673 2418 843 2495 cepit.
959 2418 1084 2477 eius
1140 2438 1358 2479 nomen
1415 2420 1686 2497 epistulis
1748 2419 2079 2530 edictisque

278 2518 770 2612 praeponebatur,
816 2515 907 2574 vis
948 2535 1128 2593 penes
1175 2515 1523 2575 Mucianum
1565 2523 1708 2590 erat,
1754 2517 1870 2577 nisi
1912 2520 2077 2597 quod

194 2631 253 2668 ιο
464 2675 531 2714 h
575 2674 629 2712 Μ
714 2612 993 2690 pleraque
1127 2610 1513 2672 Domitianus
1647 2612 2077 2692 instigantibus

275 2678 519 2775 eiaffl‘po
508 2675 602 2764 ἆξεν
624 2682 676 2763 ἷιιὶ
715 2709 919 2768 amicis
988 2715 1094 2768 aut
1167 2709 1408 2786 propria
1474 2708 1721 2769 libidine
1795 2711 2071 2773 audebat.

277 2780 412 2818 '‘m‘'
714 2806 818 2865 sed
858 2806 1210 2883 praecipuus
1251 2806 1531 2866 Muciano
1572 2815 1768 2868 metus
1809 2827 1841 2867 e
1870 2808 2076 2872 Primo

274 2904 545 2967 Antonio
607 2904 891 2981 Varoque
953 2903 1151 2976 Arri0,
1218 2922 1366 2980 quos
1436 2911 1700 2964 recentes
1769 2904 2074 2986 clarosque

278 3023 476 3065 rerum
503 3001 661 3060 fama
689 3019 755 3059 ac
783 2999 1045 3059 militum
1074 2999 1290 3059 studiis
1319 3000 1500 3059 etiam
1529 3001 1795 3078 populus·
1812 3002 2072 3080 fovebat,

194 3133 210 3169 1
222 3129 251 3185 5
276 3101 419 3180 quia
442 3099 506 3158 in
535 3097 835 3157 neminem
863 3095 1022 3156 ultra
1048 3096 1234 3155 aciem
1262 3097 1614 3157 saevierant.
1686 3106 1748 3159 et
1774 3099 2076 3162 ferebatur

276 3195 580 3255 Antonius
610 3194 1064 3253 Scribonianum
1098 3192 1397 3268 Crassum,
1428 3195 1678 3273 egregiis
1707 3196 1973 3257 moribus
2014 3209 2074 3259 et

275 3292 540 3349 fraterna
591 3288 848 3365 imagine
903 3287 1252 3366 fulgentem,
1310 3289 1388 3348 ad
1457 3293 1878 3367 capessendam
1949 3314 2072 3355 rem
