2261 3684
265 258 340 337 42
802 255 1201 318 CORNELII
1234 258 1342 318 TA
1351 257 1527 318 011⁷]

263 438 363 479 eos
390 418 519 479 dies
551 417 787 477 Primus
828 440 895 479 ac
922 418 1122 478 Varus
1163 419 1382 479 crebris
1422 418 1651 477 nuntiis
1695 417 1950 479 salutem
2005 424 2064 478 et

262 515 574 594 pecuniam
629 521 692 575 et
745 521 971 575 secreta
1020 514 1380 594 Campaniae
1426 515 1634 574 offerre
1688 514 1957 587 Vitellio,
2015 515 2064 573 si

263 612 473 691 positis
543 612 723 672 armis
791 632 970 690 seque
1039 632 1106 672 ac
1187 611 1409 672 liberos
1492 631 1629 671 suos
1696 611 2063 690 Vespasiano

180 736 236 790 ¹5
262 709 642 787 permisisset.
711 709 775 768 in
830 708 1086 769 eundem
1117 710 1384 787 ⁸modum
1425 716 1492 770 et
1544 708 1859 768 Mucianus
1916 729 2065 768 com·
2210 784 2216 786 ν

260 807 462 885 posuit
503 806 828 884 epistulas3
899 807 1116 886 quibus
1158 806 1508 885 plerumque
1550 805 1732 866 fidere
1780 806 2065 866 Vitellius

263 924 330 964 ac
383 903 459 963 de
513 924 761 963 numero
831 924 1154 978 servorum,
1214 903 1500 964 electione
1567 904 1813 963 litorum
1879 903 2061 982 loqui.

260 1008 433 1061 tanta
459 999 711 1079 torpedo
737 1001 1040 1061 invaserat
1067 1001 1350 1074 animum,
1375 1007 1461 1072 ut,
1493 1000 1544 1060 si
1570 1001 1902 1079 principem
1931 1021 2067 1060 eum

259 1097 443 1157 fuisse
472 1098 652 1157 ceteri
681 1117 802 1156 non
831 1098 1259 1171 meminissent,
1290 1097 1416 1176 ipse
1445 1097 1908 1158 oblivisceretur.

156 1193 238 1257 64
341 1194 564 1255 LXIV.
611 1196 699 1255 At
752 1196 1042 1274 primores
1097 1194 1361 1255 civitatis
1430 1195 1707 1255 Flavium
1776 1195 2069 1255 Sabinum

259 1292 626 1370 praefectum
697 1292 861 1352 urbis
896 1259 1173 1374 lsecretis
1256 1292 1627 1352 sermonibus
1664 1279 2065 1448 {incitabana

170 1380 231 1484 ’ᾗ
260 1389 545 1449 victoriae
584 1389 895 1466 famaeque
937 1396 1174 1466 partem
1218 1396 1587 1466 capesseret:
1631 1408 1663 1448 e
1696 1409 1757 1449 se
1802 1389 1891 1448 illi
1936 1410 2070 1468 pro-

260 1488 457 1567 prium
502 1487 757 1548 militem
802 1487 1140 1547 cohortium
1183 1487 1564 1560 urbanarum,
1604 1508 1712 1547 nec
1755 1486 2069 1548 defuturas

206 1607 233 1660 5
262 1585 513 1665 vigilum
542 1585 830 1658 cohorteS,
864 1585 1112 1644 servitia
1139 1585 1423 1662 ipsorum,
1453 1585 1757 1645 fortunam
1801 1586 2069 1663 partium

261 1691 323 1744 et
365 1682 567 1742 omnia
608 1701 799 1760 prona
836 1681 1201 1742 victoribus:
1243 1701 1321 1741 ne
1365 1680 1635 1742 Antonio
1661 1682 1945 1760 Varoque
1989 1682 2068 1743 de

310 1822 538 1865 Sabmus
605 1827 660 1864 a,
699 1779 907 1859 ἕῙοι-ιιτ
937 1778 1304 1839 concederet.
1409 1799 1625 1859 paucas
1667 1779 1921 1840 Vitellio
1977 1800 2071 1841 co·

260 1877 395 1916 3⁰⁷²*
698 1878 901 1938 hortes
931 1884 992 1938 et
1028 1878 1272 1938 maestis
1314 1877 1579 1988 undique
1615 1878 1846 1938 nuntiis
1885 1879 2070 1957 trepi-

259 1977 407 2037 das·
390 2025 407 2052 ,
466 1975 673 2054 populi
708 1976 990 2035 mobilem
1028 1976 1295 2035 animum
1334 1982 1412 2049 et,
1457 1975 1507 2034 si
1549 1974 1760 2035 ducem
1793 1995 1856 2035 se
1900 1996 2071 2054 prae-

176 2099 235 2135 10
259 2074 499 2147 buisset,
533 2072 772 2133 easdem
798 2072 930 2132 illas
959 2072 1332 2132 adulationes
1359 2092 1468 2150 pro
1496 2072 1863 2151 Vespasiano
1897 2074 2031 2134 fore
2039 2055 2204 2178 ff

257 2173 455 2250 ipsum
497 2170 814 2232 Vitellium
861 2190 937 2230 ne
992 2170 1291 2249 prosperis
1333 2168 1578 2258 quidem
1632 2190 1834 2252 parem
1912 2152 2168 2232 adeost*

258 2269 569 2329 ruentibus
610 2268 1010 2328 debilitatum.
1123 2267 1378 2345 gratiam
1423 2217 1878 2424 patra
1623 2287 1645 2325 1
1735 2287 1765 2327 e
1814 2288 1834 2326 1
1877 2287 2070 2345 penes

259 2387 413 2438 eum,
461 2366 566 2476 qui
618 2365 828 2425 urbem
884 2371 1266 2443 occupasset:
1330 2363 1392 2422 id
1450 2217 1878 2424 Sabino
1727 2384 1836 2424 con
1878 2365 2067 2439 enire,

259 2471 328 2524 ut
353 2462 673 2541 imperium
697 2462 870 2521 fratri
898 2467 1244 2535 reservaret,
1275 2460 1339 2520 id
1367 2459 1750 2538 VespasianO,
1782 2466 1853 2520 ut
1879 2464 2072 2523 ceteri

176 2584 231 2636 15
257 2567 394 2640 post
423 2559 710 2620 Sabinum
738 2558 1118 2619 haberentur.

153 2665 234 2729 65
339 2656 526 2718 LXV.
574 2655 1056 2734 Haudquaquam
1141 2659 1336 2715 erecto
1421 2654 1620 2715 animo
1705 2675 1803 2715 eas
1885 2675 2071 2717 voces

259 2755 602 2835 accipiebat,
622 2752 927 2813 invalidus
945 2733 1214 2826 senecta}
1236 2752 1342 2811 sed
1360 2758 1532 2811 erant
1549 2752 1655 2829 qui
1673 2751 1920 2812 occultis
1940 2773 2073 2813 sus-

258 2853 590 2934 picionibus
613 2852 990 2924 incesserent,
1011 2799 1589 2927 tamquamlinvidia
1587 2857 1649 2909 et
1664 2836 2104 2911 aemulatione)
2183 2857 2234 2934 ,35'

258 2952 562 3012 fortunam
590 2948 790 3008 fratris
816 2955 1166 3007 moraretur.
1251 2966 1507 3025 namque
1535 2945 1779 3006 Flavius
1804 2945 2073 3007 Sabinus

206 3074 232 3127 5
259 3054 460 3106 aetate
529 3042 739 3134 ρτίοτχ
759 3044 1010 3121 privatis
1079 3041 1393 3120 utriusque
1452 3041 1668 3106 rebus!
1704 3043 2072 3105 auctoritate
2239 3053 2240 3060 ’

261 3135 631 3217 pecuniaque
700 3139 1136 3216 Vespasianum
1206 3138 1490 3212 anteibat,
1564 3145 1626 3198 et
1708 3138 2074 3201 credebatur

261 3234 556 3293 adfectam
624 3237 752 3294 eius
806 3234 986 3293 fidem
1040 3253 1215 3310 parce
1269 3223 1528 3320 iuvisse&
1548 3235 1727 3295 domo
1784 3237 2073 3315 agrisque

261 3328 496 3406 pignori
564 3307 861 3426 acceptisx,
940 3329 1121 3401 unde,
1192 3348 1555 3408 quamquam
1632 3339 1914 3393 manente
2000 3334 2074 3395 in
