2261 3684
712 243 1306 308 HISTORJARUM
1340 242 1493 306 LIB.
1540 243 1651 308 IV.
1968 248 2079 306 117

278 427 431 486 quos
479 408 586 468 ubi
628 408 1030 487 adspexerint,
1075 408 1402 467 redituram
1446 408 1509 466 in
1552 407 1780 469 animos
1822 409 2084 468 formidi-

275 525 437 579 nem,
487 505 690 585 fugam
744 505 1080 583 famemque
1129 525 1197 565 ac
1245 505 1469 565 totiens
1519 505 1705 583 captis
1760 506 2081 584 precariam
2110 518 2171 572 25

276 603 480 662 vitam.
568 622 762 681 neque
805 603 1095 663 Treveros
1151 609 1256 663 aut
1310 602 1613 680 Lingonas
1668 603 2085 663 benevolentia

278 699 613 760 contineri:
655 707 1064 778 resumpturos
1105 719 1287 773 arma,
1331 699 1438 759 ubi
1479 707 1674 759 metus
1716 700 2080 761 abscesserit.

278 796 525 856 diremit
569 797 949 857 consiliorum
990 796 1405 857 diversitatem
1461 795 1790 874 adprobata
1844 797 2084 858 Tutoris

278 894 581 954 sententia
609 893 901 954 Classicus
930 894 1252 971 statimque
1281 900 1703 970 exsequuntur.

361 987 674 1048 LXXVII.
721 989 926 1049 Media
968 990 1120 1050 acies
1155 989 1334 1049 Ubiis
1378 989 1868 1068 Lingonibusque
1905 991 2081 1067 data3
2108 996 2189 1060 ’Π

279 1084 496 1146 dextro
538 1106 721 1145 cornu
762 1087 1035 1146 cohortes
1083 1086 1468 1160 Batavorum,
1520 1086 1763 1148 sinistro
1812 1088 2084 1149 Bructeri

278 1181 689 1261 Tencterique.
773 1203 911 1260 pars
954 1183 1278 1257 montibuS,
1311 1183 1413 1242 alii
1441 1183 1553 1256 via,
1600 1183 1703 1243 alii
1739 1186 1899 1245 viam
1925 1186 2086 1246 inter

277 1277 711 1357 Mosellamque
806 1279 1027 1339 fiumen
1115 1286 1242 1339 tam
1330 1279 1640 1358 improvisi
1734 1341 1798 1382 Th
2035 1343 2044 1352 ‚

278 1375 591 1450 adsiluere,
659 1383 731 1435 ut
803 1377 868 1436 in
935 1377 1206 1436 cubiculo
1279 1397 1348 1437 ac
1421 1376 1641 1437 lectulo
1683 1393 1749 1431 the
1799 1352 2086 1442 “gaffissmgss
2109 1399 2137 1453 5

278 1471 529 1532 Cerialis
578 1474 797 1553 (neque
840 1474 1000 1533 enim
1041 1481 1279 1533 noctem
1324 1473 1388 1532 in
1437 1474 1644 1533 castris
1690 1445 1831 1483 rma

278 1570 505 1649 egerat)
560 1570 816 1649 pugnari
858 1570 1041 1629 simul
1081 1571 1358 1648 vincique
1400 1590 1537 1629 suos
1581 1569 1857 1640 audierit,
1900 1568 2083 1627 incre-

276 1687 427 1745 pans
488 1688 769 1745 pavorem
838 1667 1266 1742 nuntiantium,
1323 1667 1512 1728 donec
1566 1668 1844 1727 universa
1885 1665 2081 1725 clades

275 1764 342 1823 in
425 1765 609 1824 oculis
688 1764 822 1837 fuit,
906 1771 1193 1842 perrupta
1279 1763 1583 1842 legionum
1672 1770 1881 1837 castra,
1963 1763 2083 1822 fusi

276 1862 525 1940 equites,
557 1862 789 1922 medius
830 1862 1117 1922 Mosellae
1155 1882 1321 1940 pons,
1356 1863 1460 1940 qui
1501 1862 1789 1922 ulteriora
1817 1860 2081 1920 coloniae
2112 1892 2170 1927 10

278 1959 562 2033 adnectit,
595 1960 671 2020 ab
700 1959 972 2020 hostibus
999 1960 1279 2020 insessus.
1345 1959 1592 2020 Cerialis
1620 1958 1878 2019 turbidis
1906 1958 2080 2017 rebus

276 2057 615 2135 intrepidus
685 2063 746 2116 et
822 2057 1118 2135 fugientes
1188 2075 1372 2115 manu
1449 2056 1778 2129 retrahenS,
1855 2053 2081 2114 intecto

277 2174 522 2232 corpore
551 2160 865 2232 promptus
892 2154 1054 2214 inter
1080 2154 1220 2226 tela,
1245 2151 1401 2213 felici
1431 2153 1772 2214 temeritate
1801 2158 1862 2211 et
1889 2152 2082 2210 fortis-

278 2251 414 2311 simi
470 2252 751 2329 cuiusque
785 2251 1059 2311 adcursu
1128 2250 1526 2329 reciperatum
1581 2258 1826 2330 pontem
1895 2250 2084 2309 electa

277 2368 462 2408 manu
516 2348 790 2408 firmavit.
905 2367 1048 2407 mox
1104 2347 1169 2406 in
1225 2355 1418 2407 castra
1471 2367 1742 2407 reversus
1810 2346 2081 2425 palantes
2111 2374 2165 2427 15

277 2453 586 2523 captarum
654 2444 813 2523 apud
881 2443 1250 2504 Novaesium
1317 2444 1709 2522 Bonnamque
1778 2444 2082 2522 legionum

277 2542 617 2618 manipulos
669 2548 731 2601 et
784 2561 987 2601 rarum
1042 2540 1203 2619 apud
1258 2541 1428 2620 signa
1474 2542 1729 2601 militem
1776 2561 1843 2600 ac
1896 2560 2081 2618 prope

279 2639 715 2699 circumventas
756 2638 986 2715 aquilas
1026 2638 1213 2698 videt.
1298 2638 1574 2698 incensus
1600 2639 1690 2698 ira
1721 2644 1735 2671 ‘
1758 2658 1879 2697 non
1920 2638 2082 2697 Flac-

280 2755 415 2795 cum
433 2738 448 2763 ’
516 2735 731 2813 inquit,
803 2741 817 2768 ‘
833 2754 955 2794 non
1022 2734 1316 2794 Voculam
1384 2735 1692 2795 deseritis:
1753 2734 1919 2794 nulla
1985 2734 2081 2794 hic

279 2832 545 2911 proditio
569 2855 586 2907 3
621 2851 817 2909 neque
844 2832 1009 2891 aliud
1039 2831 1443 2891 excusandum
1472 2831 1679 2905 habe0,
1712 2852 1893 2910 quam
1920 2830 2081 2909 quod
2105 2863 2171 2899 20

278 2950 386 2991 vos
448 2929 664 2989 Gallici
727 2928 985 2989 foederis
1049 2928 1267 2988 oblitos
1329 2930 1553 2989 redisse
1606 2929 1674 2988 in
1734 2928 2079 2988 memoriam

277 3027 538 3087 Romani
594 3025 947 3086 sacramenti
1010 3032 1234 3085 temere
1296 3025 1540 3085 credidi.
1646 3023 2082 3085 adnumerabor

279 3116 575 3183 Numisiis
630 3130 694 3182 et
749 3121 1087 3195 Herenniis,
1146 3129 1216 3181 ut
1272 3142 1476 3182 omnes
1516 3121 1700 3200 legati
1739 3122 1922 3182 vestri
1977 3128 2082 3180 aut

275 3221 541 3279 militum
629 3220 904 3278 manibus
993 3225 1099 3278 aut
1187 3218 1453 3278 hostium
1532 3219 1868 3279 ceciderint.
1975 3219 2077 3292 ite,

276 3318 555 3378 nuntiate
597 3317 965 3394 Vespasiano
1003 3315 1117 3390 vel,
1155 3316 1316 3393 quod
1357 3316 1602 3395 propius
1645 3323 1753 3390 est,
1798 3315 1978 3376 Civili
2019 3322 2080 3375 et
2104 3344 2167 3399 25
