<?xml version="1.0" encoding="UTF-8"?>
<!DOCTYPE html PUBLIC "-//W3C//DTD XHTML 1.0 Transitional//EN"
    "http://www.w3.org/TR/xhtml1/DTD/xhtml1-transitional.dtd">
<html xmlns="http://www.w3.org/1999/xhtml" xml:lang="en" lang="en">
 <head>
  <title>
</title>
<meta http-equiv="Content-Type" content="text/html;charset=utf-8" />
  <meta name='ocr-system' content='tesseract 3.04.00' />
  <meta name='ocr-capabilities' content='ocr_page ocr_carea ocr_par ocr_line ocrx_word'/>
</head>
<body>
  <div class='ocr_page' id='page_1' title='image "./historiestacitu01tacigoog_0106.png"; bbox 0 0 2261 3684; ppageno 0'>
   <div class='ocr_carea' id='block_1_1' title="bbox 302 219 1563 282">
    <p class='ocr_par' dir='ltr' id='par_1_1' title="bbox 302 219 1563 282">
     <span class='ocr_line' id='line_1_1' title="bbox 302 219 1563 282; baseline 0.002 -4"><span class='ocrx_word' id='word_1_1' title='bbox 302 219 382 279; x_wconf 90' lang='grc'>80</span> <span class='ocrx_word' id='word_1_2' title='bbox 842 219 1239 282; x_wconf 82' lang='lat' dir='ltr'><em>CORNELII</em></span> <span class='ocrx_word' id='word_1_3' title='bbox 1281 220 1383 281; x_wconf 85' lang='lat' dir='ltr'>TA</span> <span class='ocrx_word' id='word_1_4' title='bbox 1390 221 1477 281; x_wconf 80' lang='lat' dir='ltr'>CI</span> <span class='ocrx_word' id='word_1_5' title='bbox 1475 220 1563 281; x_wconf 85' lang='lat' dir='ltr'>TI</span> 
     </span>
    </p>
   </div>
   <div class='ocr_carea' id='block_1_2' title="bbox 293 379 2098 653">
    <p class='ocr_par' dir='ltr' id='par_1_2' title="bbox 293 379 2098 653">
     <span class='ocr_line' id='line_1_2' title="bbox 297 379 2098 461; baseline 0.002 -22"><span class='ocrx_word' id='word_1_6' title='bbox 297 379 649 458; x_wconf 79' lang='lat' dir='ltr'>ignavorum</span> <span class='ocrx_word' id='word_1_7' title='bbox 678 400 853 459; x_wconf 81' lang='lat' dir='ltr'><strong>saepe</strong></span> <span class='ocrx_word' id='word_1_8' title='bbox 882 381 1018 440; x_wconf 91' lang='lat' dir='ltr'>telis</span> <span class='ocrx_word' id='word_1_9' title='bbox 1055 381 1377 442; x_wconf 86' lang='lat' dir='ltr'>fortissima</span> <span class='ocrx_word' id='word_1_10' title='bbox 1420 382 1643 442; x_wconf 85' lang='lat' dir='ltr'>cadere.</span> <span class='ocrx_word' id='word_1_11' title='bbox 1752 383 1914 461; x_wconf 87' lang='lat' dir='ltr'>apud</span> <span class='ocrx_word' id='word_1_12' title='bbox 1956 383 2098 444; x_wconf 86' lang='lat' dir='ltr'>Ger-</span> 
     </span>
     <span class='ocr_line' id='line_1_3' title="bbox 295 477 2096 557; baseline 0.002 -22"><span class='ocrx_word' id='word_1_13' title='bbox 295 496 502 537; x_wconf 90' lang='lat' dir='ltr'>manos</span> <span class='ocrx_word' id='word_1_14' title='bbox 542 477 881 538; x_wconf 90' lang='lat' dir='ltr'>inconsulta</span> <span class='ocrx_word' id='word_1_15' title='bbox 927 478 1055 539; x_wconf 90' lang='lat' dir='ltr'>ira:</span> <span class='ocrx_word' id='word_1_16' title='bbox 1124 479 1432 540; x_wconf 86' lang='lat' dir='ltr'>Romanus</span> <span class='ocrx_word' id='word_1_17' title='bbox 1487 479 1656 539; x_wconf 91' lang='lat' dir='ltr'>miles</span> <span class='ocrx_word' id='word_1_18' title='bbox 1699 480 2096 557; x_wconf 80' lang='lat' dir='ltr'>periculorum</span> 
     </span>
     <span class='ocr_line' id='line_1_4' title="bbox 293 574 2091 653; baseline 0.002 -19"><span class='ocrx_word' id='word_1_19' title='bbox 293 594 513 652; x_wconf 90' lang='lat' dir='ltr'>gnarus</span> <span class='ocrx_word' id='word_1_20' title='bbox 540 575 789 635; x_wconf 86' lang='lat' dir='ltr'>ferratas</span> <span class='ocrx_word' id='word_1_21' title='bbox 831 574 1024 648; x_wconf 89' lang='lat' dir='ltr'>sudes,</span> <span class='ocrx_word' id='word_1_22' title='bbox 1055 577 1264 653; x_wconf 90' lang='lat' dir='ltr'>gravia</span> <span class='ocrx_word' id='word_1_23' title='bbox 1304 596 1449 636; x_wconf 87' lang='lat' dir='ltr'>saxa</span> <span class='ocrx_word' id='word_1_24' title='bbox 1489 597 1611 636; x_wconf 90' lang='lat' dir='ltr'>non</span> <span class='ocrx_word' id='word_1_25' title='bbox 1639 577 1795 636; x_wconf 87' lang='lat' dir='ltr'>forte</span> <span class='ocrx_word' id='word_1_26' title='bbox 1822 577 2091 637; x_wconf 89' lang='lat' dir='ltr'>iaciebat.</span> 
     </span>
    </p>
   </div>
   <div class='ocr_carea' id='block_1_3' title="bbox 212 671 2196 750">
    <p class='ocr_par' dir='ltr' id='par_1_3' title="bbox 212 671 2196 750">
     <span class='ocr_line' id='line_1_5' title="bbox 212 671 2196 750; baseline 0.001 -20"><span class='ocrx_word' id='word_1_27' title='bbox 212 686 266 738; x_wconf 84' lang='lat'>¹5</span> <span class='ocrx_word' id='word_1_28' title='bbox 293 671 397 731; x_wconf 92' lang='lat' dir='ltr'>ubi</span> <span class='ocrx_word' id='word_1_29' title='bbox 427 691 608 731; x_wconf 90' lang='lat' dir='ltr'>sonus</span> <span class='ocrx_word' id='word_1_30' title='bbox 636 671 1014 732; x_wconf 75' lang='lat' dir='ltr'>molientium</span> <span class='ocrx_word' id='word_1_31' title='bbox 1043 680 1148 731; x_wconf 91' lang='lat' dir='ltr'>aut</span> <span class='ocrx_word' id='word_1_32' title='bbox 1177 672 1486 750; x_wconf 79' lang='lat' dir='ltr'>adpositae</span> <span class='ocrx_word' id='word_1_33' title='bbox 1529 673 1719 732; x_wconf 91' lang='lat' dir='ltr'>scalae</span> <span class='ocrx_word' id='word_1_34' title='bbox 1754 673 1991 733; x_wconf 88' lang='lat' dir='ltr'>hostem</span> <span class='ocrx_word' id='word_1_35' title='bbox 2032 674 2093 732; x_wconf 92' lang='lat' dir='ltr'>in</span> <span class='ocrx_word' id='word_1_36' title='bbox 2184 717 2196 732; x_wconf 94' lang='lat'>.</span> 
     </span>
    </p>
   </div>
   <div class='ocr_carea' id='block_1_4' title="bbox 168 767 2094 3361">
    <p class='ocr_par' dir='ltr' id='par_1_4' title="bbox 290 767 2094 1040">
     <span class='ocr_line' id='line_1_6' title="bbox 293 767 2094 848; baseline 0.002 -22"><span class='ocrx_word' id='word_1_37' title='bbox 293 787 502 827; x_wconf 89' lang='lat' dir='ltr'>manus</span> <span class='ocrx_word' id='word_1_38' title='bbox 519 767 824 843; x_wconf 88' lang='lat' dir='ltr'>dederant,</span> <span class='ocrx_word' id='word_1_39' title='bbox 851 767 1183 847; x_wconf 81' lang='lat' dir='ltr'>propellere</span> <span class='ocrx_word' id='word_1_40' title='bbox 1200 769 1477 843; x_wconf 91' lang='lat' dir='ltr'>umbone,</span> <span class='ocrx_word' id='word_1_41' title='bbox 1501 769 1625 848; x_wconf 91' lang='lat' dir='ltr'>pilo</span> <span class='ocrx_word' id='word_1_42' title='bbox 1648 771 1815 848; x_wconf 90' lang='lat' dir='ltr'>sequi</span> <span class='ocrx_word' id='word_1_43' title='bbox 1825 793 1842 845; x_wconf 99' lang='lat'>3</span> <span class='ocrx_word' id='word_1_44' title='bbox 1873 770 2094 830; x_wconf 87' lang='lat' dir='ltr'>multos</span> 
     </span>
     <span class='ocr_line' id='line_1_7' title="bbox 290 865 2092 944; baseline 0.002 -22"><span class='ocrx_word' id='word_1_45' title='bbox 290 865 355 923; x_wconf 89' lang='lat' dir='ltr'>in</span> <span class='ocrx_word' id='word_1_46' title='bbox 393 866 629 925; x_wconf 90' lang='lat' dir='ltr'>moenia</span> <span class='ocrx_word' id='word_1_47' title='bbox 666 885 930 944; x_wconf 87' lang='lat' dir='ltr'>egressos</span> <span class='ocrx_word' id='word_1_48' title='bbox 972 865 1332 944; x_wconf 86' lang='lat' dir='ltr'>pugionibus</span> <span class='ocrx_word' id='word_1_49' title='bbox 1374 865 1593 927; x_wconf 86' lang='lat' dir='ltr'>fodere.</span> <span class='ocrx_word' id='word_1_50' title='bbox 1679 867 1761 926; x_wconf 88' lang='lat' dir='ltr'>sic</span> <span class='ocrx_word' id='word_1_51' title='bbox 1803 867 2092 926; x_wconf 86' lang='lat' dir='ltr'>exhausta</span> 
     </span>
     <span class='ocr_line' id='line_1_8' title="bbox 290 961 1364 1040; baseline -0.001 -18"><span class='ocrx_word' id='word_1_52' title='bbox 290 969 463 1022; x_wconf 89' lang='lat' dir='ltr'>nocte</span> <span class='ocrx_word' id='word_1_53' title='bbox 490 982 710 1021; x_wconf 89' lang='lat' dir='ltr'>novam</span> <span class='ocrx_word' id='word_1_54' title='bbox 736 961 925 1021; x_wconf 81' lang='lat' dir='ltr'>aciem</span> <span class='ocrx_word' id='word_1_55' title='bbox 951 962 1081 1022; x_wconf 91' lang='lat' dir='ltr'>dies</span> <span class='ocrx_word' id='word_1_56' title='bbox 1116 963 1364 1040; x_wconf 90' lang='lat' dir='ltr'>aperuit.</span> 
     </span>
    </p>

    <p class='ocr_par' dir='ltr' id='par_1_5' title="bbox 184 1059 2090 1430">
     <span class='ocr_line' id='line_1_9' title="bbox 184 1059 2088 1137; baseline 0.001 -19"><span class='ocrx_word' id='word_1_57' title='bbox 184 1062 264 1126; x_wconf 89' lang='lat'>30</span> <span class='ocrx_word' id='word_1_58' title='bbox 372 1059 568 1119; x_wconf 93' lang='lat' dir='ltr'><strong>XXX.</strong></span> <span class='ocrx_word' id='word_1_59' title='bbox 615 1059 965 1119; x_wconf 87' lang='lat' dir='ltr'>Eduxerant</span> <span class='ocrx_word' id='word_1_60' title='bbox 1018 1060 1235 1120; x_wconf 87' lang='lat' dir='ltr'>Batavi</span> <span class='ocrx_word' id='word_1_61' title='bbox 1276 1060 1489 1119; x_wconf 88' lang='lat' dir='ltr'>turrim</span> <span class='ocrx_word' id='word_1_62' title='bbox 1533 1059 1759 1137; x_wconf 81' lang='lat' dir='ltr'>duplici</span> <span class='ocrx_word' id='word_1_63' title='bbox 1799 1060 2088 1132; x_wconf 87' lang='lat' dir='ltr'>tabulato,</span> 
     </span>
     <span class='ocr_line' id='line_1_10' title="bbox 287 1156 2090 1235; baseline 0 -19"><span class='ocrx_word' id='word_1_64' title='bbox 287 1177 465 1235; x_wconf 91' lang='lat' dir='ltr'>quam</span> <span class='ocrx_word' id='word_1_65' title='bbox 495 1157 825 1235; x_wconf 75' lang='lat' dir='ltr'>praetoriae</span> <span class='ocrx_word' id='word_1_66' title='bbox 853 1165 1060 1234; x_wconf 90' lang='lat' dir='ltr'>portae</span> <span class='ocrx_word' id='word_1_67' title='bbox 1091 1157 1168 1235; x_wconf 92' lang='lat' dir='ltr'>(is</span> <span class='ocrx_word' id='word_1_68' title='bbox 1198 1157 1590 1235; x_wconf 88' lang='lat' dir='ltr'>aequissimus</span> <span class='ocrx_word' id='word_1_69' title='bbox 1623 1156 1810 1234; x_wconf 88' lang='lat' dir='ltr'>locus)</span> <span class='ocrx_word' id='word_1_70' title='bbox 1851 1158 2090 1235; x_wconf 90' lang='lat' dir='ltr'>propin-</span> 
     </span>
     <span class='ocr_line' id='line_1_11' title="bbox 286 1253 2090 1333; baseline 0.001 -21"><span class='ocrx_word' id='word_1_71' title='bbox 286 1262 570 1333; x_wconf 77' lang='lat' dir='ltr'>quantem</span> <span class='ocrx_word' id='word_1_72' title='bbox 618 1254 878 1330; x_wconf 90' lang='lat' dir='ltr'>promoti</span> <span class='ocrx_word' id='word_1_73' title='bbox 920 1260 1130 1313; x_wconf 90' lang='lat' dir='ltr'>contra</span> <span class='ocrx_word' id='word_1_74' title='bbox 1184 1253 1368 1313; x_wconf 87' lang='lat' dir='ltr'>validi</span> <span class='ocrx_word' id='word_1_75' title='bbox 1424 1273 1648 1314; x_wconf 83' lang='lat' dir='ltr'>asseres</span> <span class='ocrx_word' id='word_1_76' title='bbox 1704 1261 1766 1314; x_wconf 92' lang='lat' dir='ltr'>et</span> <span class='ocrx_word' id='word_1_77' title='bbox 1820 1254 2090 1314; x_wconf 87' lang='lat' dir='ltr'>incussae</span> 
     </span>
     <span class='ocr_line' id='line_1_12' title="bbox 285 1350 2089 1430; baseline 0.001 -21"><span class='ocrx_word' id='word_1_78' title='bbox 285 1353 483 1411; x_wconf 89' lang='lat' dir='ltr'>trabes</span> <span class='ocrx_word' id='word_1_79' title='bbox 512 1351 846 1429; x_wconf 79' lang='lat' dir='ltr'>perfregere</span> <span class='ocrx_word' id='word_1_80' title='bbox 873 1350 1067 1410; x_wconf 90' lang='lat' dir='ltr'>multa</span> <span class='ocrx_word' id='word_1_81' title='bbox 1088 1351 1559 1428; x_wconf 83' lang='lat' dir='ltr'>superstantium</span> <span class='ocrx_word' id='word_1_82' title='bbox 1580 1351 1859 1429; x_wconf 88' lang='lat' dir='ltr'>pernicie.</span> <span class='ocrx_word' id='word_1_83' title='bbox 1948 1371 2089 1430; x_wconf 88' lang='lat' dir='ltr'>pug-</span> 
     </span>
    </p>

    <p class='ocr_par' dir='ltr' id='par_1_6' title="bbox 231 1448 2090 1917">
     <span class='ocr_line' id='line_1_13' title="bbox 231 1448 2090 1530; baseline 0.002 -24"><span class='ocrx_word' id='word_1_84' title='bbox 231 1474 257 1526; x_wconf 85' lang='lat'><strong>5</strong></span> <span class='ocrx_word' id='word_1_85' title='bbox 341 1491 419 1530; x_wconf 50' lang='grc' dir='ltr'>ηε</span> <span class='ocrx_word' id='word_1_86' title='bbox 448 1491 594 1530; x_wconf 72' lang='lat' dir='ltr'>attach</span> <span class='ocrx_word' id='word_1_87' title='bbox 622 1501 682 1530; x_wconf 69' lang='lat' dir='ltr'>re-</span> <span class='ocrx_word' id='word_1_88' title='bbox 725 1454 1054 1526; x_wconf 88' lang='lat' dir='ltr'>natumque</span> <span class='ocrx_word' id='word_1_89' title='bbox 1082 1448 1148 1507; x_wconf 92' lang='lat' dir='ltr'>in</span> <span class='ocrx_word' id='word_1_90' title='bbox 1176 1448 1476 1525; x_wconf 90' lang='lat' dir='ltr'>perculsos</span> <span class='ocrx_word' id='word_1_91' title='bbox 1505 1449 1704 1508; x_wconf 90' lang='lat' dir='ltr'>subita</span> <span class='ocrx_word' id='word_1_92' title='bbox 1723 1457 1785 1508; x_wconf 90' lang='lat' dir='ltr'>et</span> <span class='ocrx_word' id='word_1_93' title='bbox 1804 1468 2090 1527; x_wconf 88' lang='lat' dir='ltr'>prospera</span> 
     </span>
     <span class='ocr_line' id='line_1_14' title="bbox 281 1542 2089 1624; baseline 0.002 -21"><span class='ocrx_word' id='word_1_94' title='bbox 281 1542 446 1590; x_wconf 50' lang='lat' dir='ltr'>1²¹⁶stst-</span> <span class='ocrx_word' id='word_1_95' title='bbox 725 1546 1038 1622; x_wconf 90' lang='lat' dir='ltr'>eruptione</span> <span class='ocrx_word' id='word_1_96' title='bbox 1062 1569 1079 1621; x_wconf 95' lang='lat'>3</span> <span class='ocrx_word' id='word_1_97' title='bbox 1120 1545 1302 1604; x_wconf 92' lang='lat' dir='ltr'>simul</span> <span class='ocrx_word' id='word_1_98' title='bbox 1332 1565 1368 1604; x_wconf 93' lang='lat' dir='ltr'>a</span> <span class='ocrx_word' id='word_1_99' title='bbox 1394 1545 1736 1624; x_wconf 87' lang='lat' dir='ltr'>legionariis</span> <span class='ocrx_word' id='word_1_100' title='bbox 1768 1545 1986 1623; x_wconf 87' lang='lat' dir='ltr'>peritia</span> <span class='ocrx_word' id='word_1_101' title='bbox 2027 1556 2089 1606; x_wconf 92' lang='lat' dir='ltr'>et</span> 
     </span>
     <span class='ocr_line' id='line_1_15' title="bbox 283 1642 2086 1720; baseline 0.001 -19"><span class='ocrx_word' id='word_1_102' title='bbox 283 1649 411 1701; x_wconf 87' lang='lat' dir='ltr'>arte</span> <span class='ocrx_word' id='word_1_103' title='bbox 468 1642 912 1718; x_wconf 86' lang='lat' dir='ltr'>praestantibus</span> <span class='ocrx_word' id='word_1_104' title='bbox 968 1642 1141 1719; x_wconf 89' lang='lat' dir='ltr'>plura</span> <span class='ocrx_word' id='word_1_105' title='bbox 1185 1642 1588 1700; x_wconf 87' lang='lat' dir='ltr'>struebantur.</span> <span class='ocrx_word' id='word_1_106' title='bbox 1703 1643 2086 1720; x_wconf 89' lang='lat' dir='ltr'>praecipuum</span> 
     </span>
     <span class='ocr_line' id='line_1_16' title="bbox 283 1738 2086 1817; baseline 0.002 -21"><span class='ocrx_word' id='word_1_107' title='bbox 283 1757 564 1815; x_wconf 87' lang='lat' dir='ltr'>pavorem</span> <span class='ocrx_word' id='word_1_108' title='bbox 607 1738 816 1797; x_wconf 91' lang='lat' dir='ltr'>intulit</span> <span class='ocrx_word' id='word_1_109' title='bbox 857 1759 1211 1817; x_wconf 85' lang='lat' dir='ltr'>suspensum</span> <span class='ocrx_word' id='word_1_110' title='bbox 1260 1746 1322 1797; x_wconf 91' lang='lat' dir='ltr'>et</span> <span class='ocrx_word' id='word_1_111' title='bbox 1378 1744 1597 1797; x_wconf 91' lang='lat' dir='ltr'>nutans</span> <span class='ocrx_word' id='word_1_112' title='bbox 1652 1739 2086 1800; x_wconf 90' lang='lat' dir='ltr'>machinamen-</span> 
     </span>
     <span class='ocr_line' id='line_1_17' title="bbox 280 1835 2082 1917; baseline 0.002 -22"><span class='ocrx_word' id='word_1_113' title='bbox 280 1845 427 1910; x_wconf 91' lang='lat' dir='ltr'>tum,</span> <span class='ocrx_word' id='word_1_114' title='bbox 459 1855 580 1914; x_wconf 93' lang='lat' dir='ltr'>quo</span> <span class='ocrx_word' id='word_1_115' title='bbox 608 1842 855 1913; x_wconf 88' lang='lat' dir='ltr'>repente</span> <span class='ocrx_word' id='word_1_116' title='bbox 883 1835 1142 1896; x_wconf 90' lang='lat' dir='ltr'>demisso</span> <span class='ocrx_word' id='word_1_117' title='bbox 1169 1842 1410 1913; x_wconf 87' lang='lat' dir='ltr'>praeter</span> <span class='ocrx_word' id='word_1_118' title='bbox 1438 1855 1681 1896; x_wconf 87' lang='lat' dir='ltr'>suorum</span> <span class='ocrx_word' id='word_1_119' title='bbox 1716 1857 1820 1896; x_wconf 88' lang='lat' dir='ltr'>ora</span> <span class='ocrx_word' id='word_1_120' title='bbox 1862 1838 2082 1917; x_wconf 88' lang='lat' dir='ltr'>singuli</span> 
     </span>
    </p>

    <p class='ocr_par' dir='ltr' id='par_1_7' title="bbox 198 1932 2086 2302">
     <span class='ocr_line' id='line_1_18' title="bbox 198 1932 2086 2013; baseline 0.003 -22"><span class='ocrx_word' id='word_1_121' title='bbox 198 1963 255 1999; x_wconf 79' lang='lat'>10</span> <span class='ocrx_word' id='word_1_122' title='bbox 278 1933 552 2010; x_wconf 89' lang='lat' dir='ltr'>pluresve</span> <span class='ocrx_word' id='word_1_123' title='bbox 593 1932 857 1991; x_wconf 91' lang='lat' dir='ltr'>hostium</span> <span class='ocrx_word' id='word_1_124' title='bbox 900 1932 1155 2013; x_wconf 85' lang='lat' dir='ltr'>sublime</span> <span class='ocrx_word' id='word_1_125' title='bbox 1198 1933 1355 2010; x_wconf 91' lang='lat' dir='ltr'>rapti</span> <span class='ocrx_word' id='word_1_126' title='bbox 1398 1953 1567 1992; x_wconf 90' lang='lat' dir='ltr'>verso</span> <span class='ocrx_word' id='word_1_127' title='bbox 1611 1934 1874 2011; x_wconf 90' lang='lat' dir='ltr'>pondere</span> <span class='ocrx_word' id='word_1_128' title='bbox 1916 1936 2086 1997; x_wconf 90' lang='lat' dir='ltr'>intra</span> 
     </span>
     <span class='ocr_line' id='line_1_19' title="bbox 280 2028 2083 2112; baseline 0.003 -23"><span class='ocrx_word' id='word_1_129' title='bbox 280 2038 471 2090; x_wconf 91' lang='lat' dir='ltr'>castra</span> <span class='ocrx_word' id='word_1_130' title='bbox 498 2028 973 2089; x_wconf 87' lang='lat' dir='ltr'>effundebantur.</span> <span class='ocrx_word' id='word_1_131' title='bbox 1061 2028 1272 2089; x_wconf 84' lang='lat' dir='ltr'>Civilis</span> <span class='ocrx_word' id='word_1_132' title='bbox 1300 2029 1518 2089; x_wconf 92' lang='lat' dir='ltr'>omissa</span> <span class='ocrx_word' id='word_1_133' title='bbox 1560 2032 1945 2108; x_wconf 86' lang='lat' dir='ltr'>expugnandi</span> <span class='ocrx_word' id='word_1_134' title='bbox 1977 2054 2083 2112; x_wconf 87' lang='lat' dir='ltr'>spe</span> 
     </span>
     <span class='ocr_line' id='line_1_20' title="bbox 277 2125 2083 2204; baseline 0.002 -18"><span class='ocrx_word' id='word_1_135' title='bbox 277 2146 482 2186; x_wconf 92' lang='lat' dir='ltr'>rursus</span> <span class='ocrx_word' id='word_1_136' title='bbox 511 2144 619 2203; x_wconf 90' lang='lat' dir='ltr'>per</span> <span class='ocrx_word' id='word_1_137' title='bbox 646 2125 836 2184; x_wconf 91' lang='lat' dir='ltr'>otium</span> <span class='ocrx_word' id='word_1_138' title='bbox 865 2125 1197 2200; x_wconf 87' lang='lat' dir='ltr'>adsidebat,</span> <span class='ocrx_word' id='word_1_139' title='bbox 1217 2126 1448 2185; x_wconf 89' lang='lat' dir='ltr'>nuntiis</span> <span class='ocrx_word' id='word_1_140' title='bbox 1477 2135 1537 2185; x_wconf 88' lang='lat' dir='ltr'>et</span> <span class='ocrx_word' id='word_1_141' title='bbox 1563 2127 1872 2204; x_wconf 87' lang='lat' dir='ltr'>promissis</span> <span class='ocrx_word' id='word_1_142' title='bbox 1899 2129 2083 2189; x_wconf 91' lang='lat' dir='ltr'>fidem</span> 
     </span>
     <span class='ocr_line' id='line_1_21' title="bbox 275 2222 960 2302; baseline -0.001 -20"><span class='ocrx_word' id='word_1_143' title='bbox 275 2222 574 2302; x_wconf 90' lang='lat' dir='ltr'>legionum</span> <span class='ocrx_word' id='word_1_144' title='bbox 606 2222 960 2282; x_wconf 86' lang='lat' dir='ltr'>convellens.</span> 
     </span>
    </p>

    <p class='ocr_par' dir='ltr' id='par_1_8' title="bbox 168 2313 2082 2591">
     <span class='ocr_line' id='line_1_22' title="bbox 168 2313 2082 2399; baseline 0.002 -20"><span class='ocrx_word' id='word_1_145' title='bbox 168 2322 247 2386; x_wconf 86' lang='grc'>31</span> <span class='ocrx_word' id='word_1_146' title='bbox 283 2313 294 2316; x_wconf 56' lang='grc'><em>’</em></span> <span class='ocrx_word' id='word_1_147' title='bbox 353 2319 580 2379; x_wconf 91' lang='lat' dir='ltr'><strong>XXXI.</strong></span> <span class='ocrx_word' id='word_1_148' title='bbox 608 2318 773 2379; x_wconf 89' lang='lat' dir='ltr'>Haec</span> <span class='ocrx_word' id='word_1_149' title='bbox 790 2319 855 2377; x_wconf 91' lang='lat' dir='ltr'>in</span> <span class='ocrx_word' id='word_1_150' title='bbox 874 2319 1199 2379; x_wconf 83' lang='lat' dir='ltr'>Germania</span> <span class='ocrx_word' id='word_1_151' title='bbox 1216 2326 1356 2379; x_wconf 91' lang='lat' dir='ltr'>ante</span> <span class='ocrx_word' id='word_1_152' title='bbox 1367 2320 1766 2380; x_wconf 82' lang='lat' dir='ltr'>Cremonense</span> <span class='ocrx_word' id='word_1_153' title='bbox 1783 2323 2082 2399; x_wconf 90' lang='lat' dir='ltr'>proelium</span> 
     </span>
     <span class='ocr_line' id='line_1_23' title="bbox 270 2415 2078 2496; baseline 0.002 -20"><span class='ocrx_word' id='word_1_154' title='bbox 270 2425 452 2496; x_wconf 86' lang='lat' dir='ltr'>gesta,</span> <span class='ocrx_word' id='word_1_155' title='bbox 486 2416 654 2476; x_wconf 90' lang='lat' dir='ltr'>cuius</span> <span class='ocrx_word' id='word_1_156' title='bbox 682 2423 963 2476; x_wconf 90' lang='lat' dir='ltr'>eventum</span> <span class='ocrx_word' id='word_1_157' title='bbox 996 2416 1235 2476; x_wconf 91' lang='lat' dir='ltr'>litterae</span> <span class='ocrx_word' id='word_1_158' title='bbox 1272 2415 1461 2475; x_wconf 92' lang='lat' dir='ltr'>Primi</span> <span class='ocrx_word' id='word_1_159' title='bbox 1503 2416 1757 2476; x_wconf 85' lang='lat' dir='ltr'>Antonii</span> <span class='ocrx_word' id='word_1_160' title='bbox 1800 2417 2078 2496; x_wconf 89' lang='lat' dir='ltr'>docuere,</span> 
     </span>
     <span class='ocr_line' id='line_1_24' title="bbox 271 2512 2078 2591; baseline 0.002 -17"><span class='ocrx_word' id='word_1_161' title='bbox 271 2514 478 2575; x_wconf 91' lang='lat' dir='ltr'>addito</span> <span class='ocrx_word' id='word_1_162' title='bbox 507 2512 797 2574; x_wconf 83' lang='lat' dir='ltr'>Caecinae</span> <span class='ocrx_word' id='word_1_163' title='bbox 827 2513 1021 2573; x_wconf 89' lang='lat' dir='ltr'>edicto</span> <span class='ocrx_word' id='word_1_164' title='bbox 1042 2536 1059 2588; x_wconf 95' lang='lat'>3</span> <span class='ocrx_word' id='word_1_165' title='bbox 1101 2520 1165 2572; x_wconf 90' lang='lat' dir='ltr'>et</span> <span class='ocrx_word' id='word_1_166' title='bbox 1186 2513 1520 2590; x_wconf 89' lang='lat' dir='ltr'>praefectus</span> <span class='ocrx_word' id='word_1_167' title='bbox 1543 2513 1804 2573; x_wconf 87' lang='lat' dir='ltr'>cohortis</span> <span class='ocrx_word' id='word_1_168' title='bbox 1825 2534 1858 2573; x_wconf 92' lang='lat' dir='ltr'>e</span> <span class='ocrx_word' id='word_1_169' title='bbox 1879 2516 2078 2591; x_wconf 76' lang='lat' dir='ltr'>victiS,</span> 
     </span>
    </p>

    <p class='ocr_par' dir='ltr' id='par_1_9' title="bbox 321 2609 2080 2702">
     <span class='ocr_line' id='line_1_25' title="bbox 321 2609 2080 2702; baseline 0.003 -35"><span class='ocrx_word' id='word_1_170' title='bbox 321 2654 441 2693; x_wconf 77' lang='lat' dir='ltr'>Nem</span> <span class='ocrx_word' id='word_1_171' title='bbox 490 2653 541 2702; x_wconf 59' lang='lat' dir='ltr'>os</span> <span class='ocrx_word' id='word_1_172' title='bbox 580 2653 668 2693; x_wconf 71' lang='lat' dir='ltr'>ore-</span> <span class='ocrx_word' id='word_1_173' title='bbox 712 2609 995 2687; x_wconf 90' lang='lat' dir='ltr'>Alpinius</span> <span class='ocrx_word' id='word_1_174' title='bbox 1049 2610 1397 2684; x_wconf 89' lang='lat' dir='ltr'>Montanus,</span> <span class='ocrx_word' id='word_1_175' title='bbox 1453 2610 1758 2670; x_wconf 87' lang='lat' dir='ltr'>fortunam</span> <span class='ocrx_word' id='word_1_176' title='bbox 1811 2614 2080 2689; x_wconf 90' lang='lat' dir='ltr'>partium</span> 
     </span>
    </p>

    <p class='ocr_par' dir='ltr' id='par_1_10' title="bbox 213 2706 2078 3172">
     <span class='ocr_line' id='line_1_26' title="bbox 213 2706 2078 2786; baseline 0.003 -21"><span class='ocrx_word' id='word_1_177' title='bbox 213 2733 242 2786; x_wconf 83' lang='lat'>5</span> <span class='ocrx_word' id='word_1_178' title='bbox 269 2714 411 2744; x_wconf 77' lang='lat' dir='ltr'>mom.</span> <span class='ocrx_word' id='word_1_179' title='bbox 711 2726 991 2784; x_wconf 87' lang='lat' dir='ltr'>praesens</span> <span class='ocrx_word' id='word_1_180' title='bbox 1024 2706 1342 2767; x_wconf 90' lang='lat' dir='ltr'>fatebatur.</span> <span class='ocrx_word' id='word_1_181' title='bbox 1428 2706 1649 2766; x_wconf 86' lang='lat' dir='ltr'>diversi</span> <span class='ocrx_word' id='word_1_182' title='bbox 1691 2707 1831 2768; x_wconf 90' lang='lat' dir='ltr'>hinc</span> <span class='ocrx_word' id='word_1_183' title='bbox 1871 2719 2078 2772; x_wconf 87' lang='lat' dir='ltr'>motus</span> 
     </span>
     <span class='ocr_line' id='line_1_27' title="bbox 269 2802 2077 2886; baseline 0.003 -24"><span class='ocrx_word' id='word_1_184' title='bbox 269 2805 643 2863; x_wconf 85' lang='lat' dir='ltr'>animorum:</span> <span class='ocrx_word' id='word_1_185' title='bbox 712 2803 938 2863; x_wconf 85' lang='lat' dir='ltr'>auxilia</span> <span class='ocrx_word' id='word_1_186' title='bbox 982 2823 1014 2863; x_wconf 91' lang='lat' dir='ltr'>e</span> <span class='ocrx_word' id='word_1_187' title='bbox 1056 2802 1270 2876; x_wconf 84' lang='lat' dir='ltr'>Gallia,</span> <span class='ocrx_word' id='word_1_188' title='bbox 1314 2804 1450 2881; x_wconf 92' lang='lat' dir='ltr'>quis</span> <span class='ocrx_word' id='word_1_189' title='bbox 1504 2823 1613 2864; x_wconf 92' lang='lat' dir='ltr'>nec</span> <span class='ocrx_word' id='word_1_190' title='bbox 1669 2824 1835 2864; x_wconf 88' lang='lat' dir='ltr'>amor</span> <span class='ocrx_word' id='word_1_191' title='bbox 1876 2827 2077 2886; x_wconf 91' lang='lat' dir='ltr'>neque</span> 
     </span>
     <span class='ocr_line' id='line_1_28' title="bbox 267 2898 2076 2977; baseline 0.002 -17"><span class='ocrx_word' id='word_1_192' title='bbox 267 2901 466 2960; x_wconf 90' lang='lat' dir='ltr'>odium</span> <span class='ocrx_word' id='word_1_193' title='bbox 525 2900 589 2959; x_wconf 90' lang='lat' dir='ltr'>in</span> <span class='ocrx_word' id='word_1_194' title='bbox 643 2909 866 2977; x_wconf 83' lang='lat' dir='ltr'>partes,</span> <span class='ocrx_word' id='word_1_195' title='bbox 921 2899 1138 2959; x_wconf 91' lang='lat' dir='ltr'>militia</span> <span class='ocrx_word' id='word_1_196' title='bbox 1191 2900 1317 2959; x_wconf 89' lang='lat' dir='ltr'>sine</span> <span class='ocrx_word' id='word_1_197' title='bbox 1374 2898 1632 2975; x_wconf 77' lang='lat' dir='ltr'>adfectU,</span> <span class='ocrx_word' id='word_1_198' title='bbox 1688 2900 2076 2966; x_wconf 86' lang='lat' dir='ltr'>hortantibus</span> 
     </span>
     <span class='ocr_line' id='line_1_29' title="bbox 263 2996 2075 3075; baseline 0.003 -17"><span class='ocrx_word' id='word_1_199' title='bbox 263 2997 576 3075; x_wconf 85' lang='lat' dir='ltr'>praefectis</span> <span class='ocrx_word' id='word_1_200' title='bbox 631 2998 835 3056; x_wconf 88' lang='lat' dir='ltr'>statim</span> <span class='ocrx_word' id='word_1_201' title='bbox 890 3017 926 3056; x_wconf 90' lang='lat' dir='ltr'>a</span> <span class='ocrx_word' id='word_1_202' title='bbox 966 2996 1218 3057; x_wconf 92' lang='lat' dir='ltr'>Vitellio</span> <span class='ocrx_word' id='word_1_203' title='bbox 1255 2996 1629 3057; x_wconf 90' lang='lat' dir='ltr'>desciscunt:</span> <span class='ocrx_word' id='word_1_204' title='bbox 1685 3007 1859 3059; x_wconf 87' lang='lat' dir='ltr'>vetus</span> <span class='ocrx_word' id='word_1_205' title='bbox 1899 3000 2075 3063; x_wconf 88' lang='lat' dir='ltr'>miles</span> 
     </span>
     <span class='ocr_line' id='line_1_30' title="bbox 264 3093 2074 3172; baseline 0.003 -19"><span class='ocrx_word' id='word_1_206' title='bbox 264 3094 671 3154; x_wconf 90' lang='lat' dir='ltr'>cunctabatur.</span> <span class='ocrx_word' id='word_1_207' title='bbox 784 3094 891 3154; x_wconf 91' lang='lat' dir='ltr'>sed</span> <span class='ocrx_word' id='word_1_208' title='bbox 959 3093 1240 3172; x_wconf 90' lang='lat' dir='ltr'>adigente</span> <span class='ocrx_word' id='word_1_209' title='bbox 1297 3094 1644 3154; x_wconf 89' lang='lat' dir='ltr'>Hordeonio</span> <span class='ocrx_word' id='word_1_210' title='bbox 1698 3094 1926 3171; x_wconf 87' lang='lat' dir='ltr'>Flacco,</span> <span class='ocrx_word' id='word_1_211' title='bbox 1986 3100 2074 3159; x_wconf 92' lang='lat' dir='ltr'>in-</span> 
     </span>
    </p>

    <p class='ocr_par' dir='ltr' id='par_1_11' title="bbox 179 3190 2072 3361">
     <span class='ocr_line' id='line_1_31' title="bbox 179 3190 2072 3264; baseline 0.004 -16"><span class='ocrx_word' id='word_1_212' title='bbox 179 3219 237 3254; x_wconf 81' lang='lat'>10</span> <span class='ocrx_word' id='word_1_213' title='bbox 263 3191 561 3249; x_wconf 90' lang='lat' dir='ltr'>stantibus</span> <span class='ocrx_word' id='word_1_214' title='bbox 627 3191 901 3264; x_wconf 77' lang='lat' dir='ltr'>tribuniS‚</span> <span class='ocrx_word' id='word_1_215' title='bbox 960 3190 1117 3249; x_wconf 85' lang='lat' dir='ltr'>dixit</span> <span class='ocrx_word' id='word_1_216' title='bbox 1187 3198 1638 3264; x_wconf 88' lang='lat' dir='ltr'>sacramentum,</span> <span class='ocrx_word' id='word_1_217' title='bbox 1707 3212 1829 3252; x_wconf 93' lang='lat' dir='ltr'>non</span> <span class='ocrx_word' id='word_1_218' title='bbox 1891 3196 2072 3257; x_wconf 87' lang='lat' dir='ltr'>vultu</span> 
     </span>
     <span class='ocr_line' id='line_1_32' title="bbox 264 3286 2070 3361; baseline 0.007 -19"><span class='ocrx_word' id='word_1_219' title='bbox 264 3304 456 3361; x_wconf 89' lang='lat' dir='ltr'>neque</span> <span class='ocrx_word' id='word_1_220' title='bbox 507 3286 705 3343; x_wconf 90' lang='lat' dir='ltr'>animo</span> <span class='ocrx_word' id='word_1_221' title='bbox 754 3286 899 3343; x_wconf 89' lang='lat' dir='ltr'>satis</span> <span class='ocrx_word' id='word_1_222' title='bbox 947 3286 1309 3344; x_wconf 89' lang='lat' dir='ltr'>adfirmans:</span> <span class='ocrx_word' id='word_1_223' title='bbox 1374 3295 1436 3347; x_wconf 92' lang='lat' dir='ltr'>et</span> <span class='ocrx_word' id='word_1_224' title='bbox 1477 3307 1611 3346; x_wconf 90' lang='lat' dir='ltr'>cum</span> <span class='ocrx_word' id='word_1_225' title='bbox 1669 3296 1865 3349; x_wconf 91' lang='lat' dir='ltr'>cetera</span> <span class='ocrx_word' id='word_1_226' title='bbox 1918 3291 2070 3355; x_wconf 87' lang='lat' dir='ltr'>iuris</span> 
     </span>
    </p>
   </div>
  </div>
 </body>
</html>
